1938 3262
243 351 410 432 sucrro
445 347 645 414 Quaera-
689 349 690 358 ¹
722 338 766 404 65

157 497 199 551 66.
218 495 251 548 ln
263 493 390 548 febribus
411 496 501 549 acutis
517 495 725 562 convulsiones,
744 507 771 550 et

121 585 198 639 circa
211 586 318 638 viscera
333 583 446 638 dolores
458 584 771 652 vehementesmalum.

118 703 121 710 '
158 697 201 764 67.
219 693 253 747 ln
271 693 398 748 febribus
417 692 540 768 pavores
554 715 587 749 ex
606 715 707 752 somno
723 708 773 752 aut

115 784 341 846 'convulsionem
361 786 479 843 malum.
565 812 568 818 ¹

159 874 202 926 68.
219 870 253 924 In
264 870 391 926 febribus
407 876 524 947 spiritus
539 876 770 942 offendens,ma-

106 956 199 1029 lum,
217 963 434 1018 convulsionem
451 967 527 1020 enim
545 966 693 1038 significat.

158 1077 200 1146 69.
220 1075 333 1150 Quibus
350 1091 410 1126 non
429 1074 581 1138 sinewfebre
593 1078 694 1130 urinae
706 1075 774 1129 subt

121 1183 241 1242 crassae,
260 1182 412 1242 grumosae
423 1173 450 1216 et
461 1183 578 1236 paucae,
597 1167 620 1220 si
633 1167 669 1220 ab
682 1167 715 1219 iis
728 1176 772 1218 te-

82 1242 86 1249 *
123 1263 194 1308 nues
214 1256 330 1327 copiose
346 1254 524 1327 prodierint,
546 1237 666 1326 juranti
686 1275 774 1329 prae-

124 1345 208 1416 cipue
219 1361 288 1396 vero
301 1342 371 1398 tales
387 1355 491 1398 exeunt
504 1344 538 1397 iis
551 1345 655 1418 quibus
667 1345 702 1399 ab
714 1346 772 1399 ini-

120 1432 181 1512 tio,
200 1433 245 1486 vel
258 1451 319 1489 non
333 1433 426 1488 multo
438 1445 514 1524 post,
532 1436 618 1488 urina
630 1435 774 1490 sedimen-

122 1533 187 1576 tum
199 1522 317 1576 obtinet.

160 1632 202 1683 7⁰·
221 1611 335 1681 Quibus
349 1607 417 1668 sero
430 1633 483 1687 per
494 1614 586 1668 febres
597 1615 774 1670 urinaesunt

123 1700 321 1768 turbulentae,
340 1703 438 1774 quales
450 1705 657 1774 jumentorum,
674 1703 709 1758 iis
721 1722 772 1758 ca-

124 1791 193 1864 pitis
205 1789 318 1845 dolores
331 1792 450 1860 adsunt,
471 1794 513 1848 vel
526 1795 656 1850 aderunt.

161 1922 204 1973 71.
222 1901 337 1972 Quibus
348 1904 470 1976 septimo
483 1905 528 1958 die
538 1905 772 1975 judicaturmor-

124 1991 193 2058 bus,
212 1993 247 2046 iis
265 1993 351 2046 urina
369 1994 490 2048 rubram
503 1994 549 2048 die
561 2003 666 2065 quarto
678 1991 774 2044 nube-

126 2083 222 2137 culam
233 2081 332 2147 babet‚
357 2082 470 2154 aliaque
488 2081 569 2155 signa
581 2099 637 2152 pro
655 2079 775 2133 rationu.

82 2231 84 2239 ι
161 2213 203 2262 72.
227 2192 341 2263 Quibus
363 2193 465 2246 urinae
483 2191 654 2263 pellucidae,
687 2188 776 2258 albae,

125 2281 233 2336 malae:
246 2282 401 2355 praecipue
413 2299 482 2335 vero
494 2279 526 2333 in
538 2279 708 2352 phreneticis
720 2299 777 2353 ap·
797 2317 798 2320 κ

125 2381 240 2446 parent.
773 2377 776 2383 '

162 2467 204 2533 73.
223 2459 771 2533 Quibussublatabypocbondriamur-

125 2562 260 2616 murant,
284 2551 453 2606 lumborum
478 2551 644 2606 succedente
665 2549 775 2617 dolore,

121 2640 161 2696 iis
172 2641 229 2697 alvi
242 2642 399 2698 admodum
415 2640 633 2711 humectantur,
650 2641 706 2696 nisi
718 2639 776 2696 fla-
