1938 3262
258 395 426 460 suerro
463 382 669 458 quirunt*
736 384 790 464 tls?

180 544 225 598 51.
270 537 387 595 Mulieri
424 539 593 610 sanguinem
628 523 784 613 crementi,
829 547 836 565 ⁸

130 630 284 688 menstruis
313 628 546 704 erumpentibus,
575 630 683 688 solutio
706 653 780 690 con·

94 711 96 716 ¹
128 721 222 794 tingit.
244 731 259 775 “.

161 815 205 866 52.
241 809 358 864 Mulieri
389 811 543 866 menstruis
583 811 782 872 deficientibus

128 898 242 972 sanguis
255 916 287 952 ex
300 899 420 954 naribus
431 903 595 973 profluens,
618 903 697 958 hono
710 915 762 963 est.

178 993 222 1045 55.
233 987 350 1044 Mulieri
357 1000 439 1045 utero
447 993 566 1064 gerenti,
578 993 601 1048 si
609 993 690 1048 alvus
697 994 779 1050 mul-

128 1090 189 1134 tum
212 1078 354 1152 profluat,
381 1080 541 1136 abortionis
552 1081 714 1156 pericnlum
726 1095 777 1142 est.

176 1173 220 1224 54.
234 1169 780 1246 Mulieriabuterinepussionevexatee‚

126 1268 176 1316 unt
194 1258 346 1314 difficulter
367 1261 506 1334 parienti,
530 1263 701 1329 sternutatio
723 1281 777 1319 su·
856 1281 862 1286 ·

125 1350 293 1424 perveniens
306 1350 429 1408 bonum.

78 1441 95 1518 ᾗ
177 1445 221 1497 55.
246 1439 363 1494 Mulieri
388 1459 497 1496 menses
522 1441 683 1509 decolores,
719 1457 777 1500 ne..¹

125 1551 181 1605 qne
199 1548 312 1606 semper
335 1530 432 1586 eadem
449 1531 569 1605 periodo
592 1532 776 1606 prodeuntes,

125 1622 298 1696 purgatione
313 1641 386 1695 opus
399 1640 457 1676 esse
470 1621 607 1678 indicent.

177 1715 223 1768 56.
241 1712 357 1766 Mulieri
371 1722 453 1767 utero
468 1711 578 1784 gerenti
594 1711 618 1766 si
631 1729 774 1768 mammae

124 1803 276 1876 derepente
288 1803 489 1876 gruelleseunt,
507 1801 623 1858 abortit.

176 1897 220 1964 57.
244 1891 361 1948 Mulieri
385 1904 469 1948 utero
499 1891 633 1965 gemellos
656 1892 774 1964 gerenti,

122 1984 147 2038 si
159 1983 247 2038 altera
258 2001 385 2040 mamma
394 1983 507 2056 gracilis
519 1981 633 2046 evadet,
652 1982 775 2037 alterurn

123 2074 229 2130 abortu
247 2073 317 2128 edit:
347 2084 374 2128 et
388 2074 412 2128 si
424 2070 541 2145 quidem
560 2069 660 2124 dextra
677 2089 774 2124 rnam-

124 2183 173 2220 ια
195 2162 372 2236 grandescat,
403 2165 528 2231 marem',
557 2159 580 2213 si
607 2176 675 2212 vero
698 2157 772 2213 sini-

122 2264 198 2317 stre,
213 2252 360 2308 feminam.

176 2346 220 2398 58.
239 2342 270 2398 Si
289 2341 394 2396 mulier
411 2357 472 2393 uon
491 2353 662 2411 praegnans,
681 2354 774 2411 neque

108 2450 270 2506 puerpera
288 2431 333 2486 lac
352 2428 452 2496 habet,
485 2429 510 2483 ei
528 2436 676 2483 menstrua
694 2425 774 2482 dele-

123 2529 235 2576 cerunt.

177 2615 222 2682 59.
247 2608 361 2682 Quibus
388 2607 557 2664 mulieribus
581 2607 617 2664 ed
636 2623 775 2665 mammas

124 2699 242 2773 unguis
255 2697 416 2772 colligitur,
439 2698 568 2754 furorem
591 2697 707 2754 indicat.
