1948 3266
228 345 401 394 sueno
436 345 653 397 suerrus.
702 333 769 398 125

174 489 218 544 62.
241 488 337 544 Sudor
356 489 478 554 mullus,
508 487 555 543 vel
575 487 696 556 calidus,
724 491 768 549 rel

94 625 95 630 ,
122 575 241 650 frigidus
254 595 365 650 semper
377 575 484 643 fluens,
505 571 626 633 multam
638 577 767 636 humidi-

120 675 208 721 tatem
221 653 375 739 significet:
403 667 541 722 deducere
552 667 640 738 igitur
653 679 769 741 oportet

119 755 240 810 robusto
268 756 384 828 quidem
406 774 547 831 superne,
585 756 671 811 debili
697 777 767 814 vero

117 844 238 902 inferne.

72 930 78 938 ’
170 935 212 988 65.
230 934 326 989 Sudor
344 935 453 990 multus
474 935 497 988 si
515 934 602 1002 fluat,
628 935 766 992 morbum

117 1019 237 1076 indicet:
262 1022 383 1096 frigidus
400 1042 553 1096 magnum,
580 1023 688 1078 calidus
707 1025 769 1078 mi«-

116 1125 228 1164 norem.

168 1202 210 1255 64.
227 1198 331 1253 Febres
341 1217 529 1274 quaecunque
542 1219 603 1256 non
619 1203 766 1258 intermit-

116 1297 206 1344 tentes
223 1291 308 1344 tertio
328 1289 373 1343 die
391 1289 615 1344 vehementiores
633 1291 765 1361 evadunt,
788 1303 793 1316 ¹

116 1378 300 1452 periculosae.
323 1379 450 1452 Quoquo
463 1389 558 1433 autem
570 1381 657 1435 modo
671 1382 765 1436 inter·

115 1469 261 1534 miserint,
278 1467 373 1553 minus
390 1467 567 1540 periculosae
585 1480 679 1528 erunt.

166 1581 212 1635 65.
223 1579 313 1648 'Quos
331 1576 421 1632 febres
433 1579 534 1652 longae
556 1593 700 1648 exercent,
731 1586 763 1639 iis

113 1666 265 1722 tubercula
281 1667 325 1721 rel
349 1665 462 1724 dolores
479 1671 510 1724 iu
533 1671 659 1727 articulis
676 1673 763 1733 inna-

113 1767 245 1813 scuntur.

165 1871 209 1926 es.
228 1867 341 1940 oureus
352 1867 500 1924 tubercula
521 1869 646 1942 diutina,
671 1887 719 1932 aue
732 1855 763 1933 sl

115 1958 243 2017 articulis
262 1957 375 2012 dolores
394 1977 426 2012 ex
447 1958 524 2013 febre
550 1960 640 2030 liunt,
669 1964 690 2019 ii
707 1983 759 2020 eo-

112 2047 287 2126 piosioribus
300 2047 369 2102 cibis
381 2057 513 2102 utuntur.

108 2157 110 2160 ’
168 2161 211 2230 67.
235 2158 264 2212 si
277 2156 449 2213 febricitanti
471 2159 535 2231 quis
558 2154 655 2211 eibum
679 2153 760 2212 exhi-

110 2248 221 2314 buerit,
245 2265 315 2301 sano
334 2247 450 2320 quidem
468 2249 575 2314 robur,
605 2249 763 2322 aegrotanti

111 2346 208 2392 autem
227 2334 356 2393 morbus.

165 2449 208 2502 68.
238 2446 319 2517 Quae
343 2463 395 2517 per
422 2447 544 2502 vesicam
568 2456 762 2502 excernunlur

93 2546 240 2610 'spectare
261 2543 390 2607 oportet,
410 2555 463 2602 an,
483 2537 578 2610 qualia
597 2538 671 2590 sanis
690 2538 762 2591 suh-

110 2635 190 2682 euut.
224 2623 299 2680 Num
322 2642 394 2696 quae
412 2625 456 2680 his
470 2626 586 2704 minime
599 2637 666 2680 suut
678 2626 761 2681 simi⁴
