<?xml version="1.0" encoding="UTF-8"?>
<!DOCTYPE html PUBLIC "-//W3C//DTD XHTML 1.0 Transitional//EN"
    "http://www.w3.org/TR/xhtml1/DTD/xhtml1-transitional.dtd">
<html xmlns="http://www.w3.org/1999/xhtml" xml:lang="en" lang="en">
 <head>
  <title>
</title>
<meta http-equiv="Content-Type" content="text/html;charset=utf-8" />
  <meta name='ocr-system' content='tesseract 3.04.00' />
  <meta name='ocr-capabilities' content='ocr_page ocr_carea ocr_par ocr_line ocrx_word'/>
</head>
<body>
  <div class='ocr_page' id='page_1' title='image "./hippocratisapho01hippgoog_0069.png"; bbox 0 0 1938 3262; ppageno 0'>
   <div class='ocr_carea' id='block_1_1' title="bbox 274 393 801 488">
    <p class='ocr_par' dir='ltr' id='par_1_1' title="bbox 274 393 801 488">
     <span class='ocr_line' id='line_1_1' title="bbox 274 393 801 488; baseline 0 -23"><span class='ocrx_word' id='word_1_1' title='bbox 274 411 449 465; x_wconf 76' lang='lat' dir='ltr'><strong>suerro</strong></span> <span class='ocrx_word' id='word_1_2' title='bbox 476 393 683 475; x_wconf 59' lang='lat' dir='ltr'><strong>ausuri.</strong></span> <span class='ocrx_word' id='word_1_3' title='bbox 750 395 801 488; x_wconf 78' lang='lat'><strong>59&#39;</strong></span> 
     </span>
    </p>
   </div>
   <div class='ocr_carea' id='block_1_2' title="bbox 146 555 840 1076">
    <p class='ocr_par' dir='ltr' id='par_1_2' title="bbox 149 555 797 718">
     <span class='ocr_line' id='line_1_2' title="bbox 149 555 797 626; baseline 0.006 -16"><span class='ocrx_word' id='word_1_4' title='bbox 149 555 248 610; x_wconf 86' lang='lat' dir='ltr'><strong>modo&#39;</strong></span> <span class='ocrx_word' id='word_1_5' title='bbox 262 555 481 626; x_wconf 82' lang='lat' dir='ltr'><strong>intermiserint,</strong></span> <span class='ocrx_word' id='word_1_6' title='bbox 511 555 690 613; x_wconf 78' lang='lat' dir='ltr'><strong>securitatem</strong></span> <span class='ocrx_word' id='word_1_7' title='bbox 706 557 797 614; x_wconf 84' lang='lat' dir='ltr'><strong>inesse</strong></span> 
     </span>
     <span class='ocr_line' id='line_1_3' title="bbox 150 643 337 718; baseline -0.011 -18"><span class='ocrx_word' id='word_1_8' title='bbox 150 643 337 718; x_wconf 83' lang='lat' dir='ltr'><strong>significatur.</strong></span> 
     </span>
    </p>

    <p class='ocr_par' dir='ltr' id='par_1_3' title="bbox 146 733 840 970">
     <span class='ocr_line' id='line_1_4' title="bbox 183 733 840 812; baseline 0.009 -23"><span class='ocrx_word' id='word_1_9' title='bbox 183 739 226 790; x_wconf 83' lang='lat'><strong>44.</strong></span> <span class='ocrx_word' id='word_1_10' title='bbox 247 734 359 805; x_wconf 86' lang='lat' dir='ltr'><strong>Quibus</strong></span> <span class='ocrx_word' id='word_1_11' title='bbox 381 733 484 788; x_wconf 86' lang='lat' dir='ltr'><strong>adsunt</strong></span> <span class='ocrx_word' id='word_1_12' title='bbox 503 733 594 792; x_wconf 84' lang='lat' dir='ltr'><strong>febres</strong></span> <span class='ocrx_word' id='word_1_13' title='bbox 620 737 736 812; x_wconf 74' lang='lat' dir='ltr'><strong>longae,</strong></span> <span class='ocrx_word' id='word_1_14' title='bbox 760 740 795 795; x_wconf 89' lang='lat' dir='ltr'><strong>iis</strong></span> <span class='ocrx_word' id='word_1_15' title='bbox 835 763 840 768; x_wconf 88' lang='lat'>·</span> 
     </span>
     <span class='ocr_line' id='line_1_5' title="bbox 148 824 796 894; baseline 0.009 -14"><span class='ocrx_word' id='word_1_16' title='bbox 148 825 193 880; x_wconf 89' lang='lat' dir='ltr'><strong>vel</strong></span> <span class='ocrx_word' id='word_1_17' title='bbox 213 825 371 894; x_wconf 86' lang='lat' dir='ltr'><strong>abscessus,</strong></span> <span class='ocrx_word' id='word_1_18' title='bbox 401 825 446 880; x_wconf 87' lang='lat' dir='ltr'><strong>vel</strong></span> <span class='ocrx_word' id='word_1_19' title='bbox 471 824 583 882; x_wconf 85' lang='lat' dir='ltr'><strong>dolores</strong></span> <span class='ocrx_word' id='word_1_20' title='bbox 604 828 640 884; x_wconf 91' lang='lat' dir='ltr'><strong>ad</strong></span> <span class='ocrx_word' id='word_1_21' title='bbox 659 829 796 886; x_wconf 62' lang='lat' dir='ltr'><strong>articula</strong></span> 
     </span>
     <span class='ocr_line' id='line_1_6' title="bbox 146 916 293 970; baseline 0.014 -2"><span class='ocrx_word' id='word_1_22' title='bbox 146 916 293 970; x_wconf 86' lang='lat' dir='ltr'><strong>oriuntur.</strong></span> 
     </span>
    </p>

    <p class='ocr_par' dir='ltr' id='par_1_4' title="bbox 181 1004 797 1076">
     <span class='ocr_line' id='line_1_7' title="bbox 181 1004 797 1076; baseline 0.008 -18"><span class='ocrx_word' id='word_1_23' title='bbox 181 1008 225 1059; x_wconf 82' lang='lat'><strong>43.</strong></span> <span class='ocrx_word' id='word_1_24' title='bbox 245 1005 357 1076; x_wconf 81' lang='lat' dir='ltr'><strong>Quibus</strong></span> <span class='ocrx_word' id='word_1_25' title='bbox 370 1004 589 1074; x_wconf 65' lang='lat' dir='ltr'><strong>aureliensem,</strong></span> <span class='ocrx_word' id='word_1_26' title='bbox 608 1016 658 1062; x_wconf 89' lang='lat' dir='ltr'><strong>aut</strong></span> <span class='ocrx_word' id='word_1_27' title='bbox 671 1007 707 1062; x_wconf 85' lang='lat' dir='ltr'><strong>ad</strong></span> <span class='ocrx_word' id='word_1_28' title='bbox 720 1008 797 1070; x_wconf 73' lang='lat' dir='ltr'><strong>arti-3</strong></span> 
     </span>
    </p>
   </div>
   <div class='ocr_carea' id='block_1_3' title="bbox 147 1093 886 1169">
    <p class='ocr_par' dir='ltr' id='par_1_5' title="bbox 147 1093 886 1169">
     <span class='ocr_line' id='line_1_8' title="bbox 147 1093 886 1169; baseline 0.012 -22"><span class='ocrx_word' id='word_1_29' title='bbox 147 1093 227 1148; x_wconf 83' lang='lat' dir='ltr'><strong>culos</strong></span> <span class='ocrx_word' id='word_1_30' title='bbox 239 1093 352 1148; x_wconf 85' lang='lat' dir='ltr'><strong>dolores</strong></span> <span class='ocrx_word' id='word_1_31' title='bbox 359 1104 426 1167; x_wconf 85' lang='lat' dir='ltr'><strong>post</strong></span> <span class='ocrx_word' id='word_1_32' title='bbox 436 1093 635 1169; x_wconf 78' lang='lat' dir='ltr'><strong>febreslongas</strong></span> <span class='ocrx_word' id='word_1_33' title='bbox 649 1096 798 1168; x_wconf 53' lang='lat' dir='ltr'><strong>[trinutum</strong></span> <span class='ocrx_word' id='word_1_34' title='bbox 884 1161 886 1166; x_wconf 58' lang='grc'><strong>,</strong></span> 
     </span>
    </p>
   </div>
   <div class='ocr_carea' id='block_1_4' title="bbox 146 1181 797 1346">
    <p class='ocr_par' dir='ltr' id='par_1_6' title="bbox 146 1181 797 1346">
     <span class='ocr_line' id='line_1_9' title="bbox 146 1181 742 1269; baseline -0.002 -29"><span class='ocrx_word' id='word_1_35' title='bbox 146 1184 166 1240; x_wconf 85' lang='lat' dir='ltr'><strong>ii</strong></span> <span class='ocrx_word' id='word_1_36' title='bbox 179 1181 388 1259; x_wconf 70' lang='lat' dir='ltr'><strong>copiosioribus</strong></span> <span class='ocrx_word' id='word_1_37' title='bbox 404 1184 473 1238; x_wconf 76' lang='lat' dir='ltr'><strong>cibis</strong></span> <span class='ocrx_word' id='word_1_38' title='bbox 485 1194 617 1241; x_wconf 89' lang='lat' dir='ltr'><strong>utuntur.</strong></span> <span class='ocrx_word' id='word_1_39' title='bbox 734 1249 742 1269; x_wconf 45' lang='grc' dir='ltr'><strong><em>Ι</em></strong></span> 
     </span>
     <span class='ocr_line' id='line_1_10' title="bbox 180 1274 797 1346; baseline 0.003 -18"><span class='ocrx_word' id='word_1_40' title='bbox 180 1279 224 1330; x_wconf 87' lang='grc'><strong>46.</strong></span> <span class='ocrx_word' id='word_1_41' title='bbox 242 1274 272 1328; x_wconf 88' lang='lat' dir='ltr'><strong>Si</strong></span> <span class='ocrx_word' id='word_1_42' title='bbox 291 1275 388 1346; x_wconf 80' lang='lat' dir='ltr'><strong>rigor,</strong></span> <span class='ocrx_word' id='word_1_43' title='bbox 411 1274 488 1329; x_wconf 85' lang='lat' dir='ltr'><strong>febre</strong></span> <span class='ocrx_word' id='word_1_44' title='bbox 502 1292 563 1328; x_wconf 89' lang='lat' dir='ltr'><strong>non</strong></span> <span class='ocrx_word' id='word_1_45' title='bbox 581 1274 797 1346; x_wconf 72' lang='lat' dir='ltr'><strong>intermittente,‘</strong></span> 
     </span>
    </p>
   </div>
   <div class='ocr_carea' id='block_1_5' title="bbox 62 1363 765 1437">
    <p class='ocr_par' dir='ltr' id='par_1_7' title="bbox 62 1363 765 1437">
     <span class='ocr_line' id='line_1_11' title="bbox 62 1363 765 1437; baseline 0.003 -19"><span class='ocrx_word' id='word_1_46' title='bbox 62 1431 64 1435; x_wconf 23' lang='grc' dir='ltr'>Ι</span> <span class='ocrx_word' id='word_1_47' title='bbox 146 1363 268 1430; x_wconf 85' lang='lat' dir='ltr'><strong>incidat,</strong></span> <span class='ocrx_word' id='word_1_48' title='bbox 288 1383 374 1437; x_wconf 80' lang='lat' dir='ltr'><strong>aegro</strong></span> <span class='ocrx_word' id='word_1_49' title='bbox 388 1365 447 1436; x_wconf 88' lang='lat' dir='ltr'><strong>jam</strong></span> <span class='ocrx_word' id='word_1_50' title='bbox 460 1363 561 1432; x_wconf 85' lang='lat' dir='ltr'><strong>debili,</strong></span> <span class='ocrx_word' id='word_1_51' title='bbox 579 1363 681 1419; x_wconf 84' lang='lat' dir='ltr'><strong>lethale</strong></span> <span class='ocrx_word' id='word_1_52' title='bbox 693 1373 743 1421; x_wconf 84' lang='lat' dir='ltr'><strong>est.</strong></span> <span class='ocrx_word' id='word_1_53' title='bbox 762 1404 765 1410; x_wconf 86' lang='lat'>-</span> 
     </span>
    </p>
   </div>
   <div class='ocr_carea' id='block_1_6' title="bbox 78 1453 861 2781">
    <p class='ocr_par' dir='ltr' id='par_1_8' title="bbox 145 1453 861 2059">
     <span class='ocr_line' id='line_1_12' title="bbox 181 1453 861 1526; baseline 0.004 -18"><span class='ocrx_word' id='word_1_54' title='bbox 181 1459 224 1526; x_wconf 85' lang='lat'><strong>47.</strong></span> <span class='ocrx_word' id='word_1_55' title='bbox 254 1453 287 1507; x_wconf 88' lang='lat' dir='ltr'><strong>ln</strong></span> <span class='ocrx_word' id='word_1_56' title='bbox 311 1453 438 1509; x_wconf 81' lang='lat' dir='ltr'><strong>febribus</strong></span> <span class='ocrx_word' id='word_1_57' title='bbox 462 1471 522 1508; x_wconf 88' lang='lat' dir='ltr'><strong>non</strong></span> <span class='ocrx_word' id='word_1_58' title='bbox 541 1454 795 1511; x_wconf 79' lang='lat' dir='ltr'><strong>intermittentibus</strong></span> <span class='ocrx_word' id='word_1_59' title='bbox 858 1455 861 1458; x_wconf 69' lang='grc'>’</span> 
     </span>
     <span class='ocr_line' id='line_1_13' title="bbox 146 1543 797 1612; baseline 0.003 -14"><span class='ocrx_word' id='word_1_60' title='bbox 146 1543 336 1598; x_wconf 81' lang='lat' dir='ltr'><strong>excreationes</strong></span> <span class='ocrx_word' id='word_1_61' title='bbox 356 1546 473 1612; x_wconf 86' lang='lat' dir='ltr'><strong>lividae,</strong></span> <span class='ocrx_word' id='word_1_62' title='bbox 505 1555 555 1600; x_wconf 79' lang='lat' dir='ltr'><strong>ant</strong></span> <span class='ocrx_word' id='word_1_63' title='bbox 574 1556 721 1612; x_wconf 88' lang='lat' dir='ltr'><strong>cruentae,</strong></span> <span class='ocrx_word' id='word_1_64' title='bbox 736 1553 797 1612; x_wconf 50' lang='lat' dir='ltr'><strong>,aut</strong></span> 
     </span>
     <span class='ocr_line' id='line_1_14' title="bbox 146 1633 796 1708; baseline 0.002 -21"><span class='ocrx_word' id='word_1_65' title='bbox 146 1633 348 1708; x_wconf 82' lang='lat' dir='ltr'><strong>graveolentss,</strong></span> <span class='ocrx_word' id='word_1_66' title='bbox 368 1644 418 1691; x_wconf 86' lang='lat' dir='ltr'><strong>aut</strong></span> <span class='ocrx_word' id='word_1_67' title='bbox 429 1635 677 1702; x_wconf 79' lang='lat' dir='ltr'><strong>biliusae,&#39;omnes</strong></span> <span class='ocrx_word' id='word_1_68' title='bbox 687 1634 796 1704; x_wconf 82' lang='lat' dir='ltr'><strong>malae;</strong></span> 
     </span>
     <span class='ocr_line' id='line_1_15' title="bbox 145 1722 795 1798; baseline -0.002 -20"><span class='ocrx_word' id='word_1_69' title='bbox 145 1725 218 1779; x_wconf 89' lang='lat' dir='ltr'><strong>bene</strong></span> <span class='ocrx_word' id='word_1_70' title='bbox 237 1735 329 1780; x_wconf 85' lang='lat' dir='ltr'><strong>autern</strong></span> <span class='ocrx_word' id='word_1_71' title='bbox 350 1727 372 1779; x_wconf 91' lang='lat' dir='ltr'><strong>si</strong></span> <span class='ocrx_word' id='word_1_72' title='bbox 391 1725 548 1798; x_wconf 86' lang='lat' dir='ltr'><strong>prodeant,</strong></span> <span class='ocrx_word' id='word_1_73' title='bbox 571 1722 677 1779; x_wconf 83' lang='lat' dir='ltr'><strong>bonae:</strong></span> <span class='ocrx_word' id='word_1_74' title='bbox 697 1723 795 1784; x_wconf 82' lang='lat' dir='ltr'><strong>eadem</strong></span> 
     </span>
     <span class='ocr_line' id='line_1_16' title="bbox 146 1813 795 1884; baseline -0.003 -16"><span class='ocrx_word' id='word_1_75' title='bbox 146 1814 231 1868; x_wconf 88' lang='lat' dir='ltr'><strong>etiam</strong></span> <span class='ocrx_word' id='word_1_76' title='bbox 242 1813 355 1868; x_wconf 88' lang='lat' dir='ltr'><strong>ratione</strong></span> <span class='ocrx_word' id='word_1_77' title='bbox 366 1815 532 1870; x_wconf 89' lang='lat' dir='ltr'><strong>deiectiones</strong></span> <span class='ocrx_word' id='word_1_78' title='bbox 540 1822 566 1868; x_wconf 87' lang='lat' dir='ltr'><strong>et</strong></span> <span class='ocrx_word' id='word_1_79' title='bbox 577 1813 678 1868; x_wconf 88' lang='lat' dir='ltr'><strong>urinae</strong></span> <span class='ocrx_word' id='word_1_80' title='bbox 685 1816 795 1884; x_wconf 84' lang='lat' dir='ltr'><strong>juvant.</strong></span> 
     </span>
     <span class='ocr_line' id='line_1_17' title="bbox 146 1901 795 1977; baseline -0.003 -21"><span class='ocrx_word' id='word_1_81' title='bbox 146 1904 187 1957; x_wconf 83' lang='lat' dir='ltr'><strong>At</strong></span> <span class='ocrx_word' id='word_1_82' title='bbox 204 1905 227 1956; x_wconf 92' lang='lat' dir='ltr'><strong>si</strong></span> <span class='ocrx_word' id='word_1_83' title='bbox 248 1903 319 1956; x_wconf 89' lang='lat' dir='ltr'><strong>nihil</strong></span> <span class='ocrx_word' id='word_1_84' title='bbox 340 1922 526 1977; x_wconf 84' lang='lat' dir='ltr'><strong>eorumquae</strong></span> <span class='ocrx_word' id='word_1_85' title='bbox 541 1905 643 1974; x_wconf 80' lang='lat' dir='ltr'><strong>juvant</strong></span> <span class='ocrx_word' id='word_1_86' title='bbox 660 1921 711 1976; x_wconf 87' lang='lat' dir='ltr'><strong>per</strong></span> <span class='ocrx_word' id='word_1_87' title='bbox 725 1901 795 1957; x_wconf 88' lang='lat' dir='ltr'><strong>haec</strong></span> 
     </span>
     <span class='ocr_line' id='line_1_18' title="bbox 145 1993 546 2059; baseline -0.005 -12"><span class='ocrx_word' id='word_1_88' title='bbox 145 1994 210 2048; x_wconf 86' lang='lat' dir='ltr'><strong>loca</strong></span> <span class='ocrx_word' id='word_1_89' title='bbox 229 2005 411 2059; x_wconf 82' lang='lat' dir='ltr'><strong>excernatur,</strong></span> <span class='ocrx_word' id='word_1_90' title='bbox 429 1993 546 2050; x_wconf 85' lang='lat' dir='ltr'><strong>malum.</strong></span> 
     </span>
    </p>

    <p class='ocr_par' dir='ltr' id='par_1_9' title="bbox 78 2070 814 2781">
     <span class='ocr_line' id='line_1_19' title="bbox 180 2070 814 2140; baseline -0.017 -3"><span class='ocrx_word' id='word_1_91' title='bbox 180 2088 224 2140; x_wconf 86' lang='lat'><strong>48.</strong></span> <span class='ocrx_word' id='word_1_92' title='bbox 249 2084 282 2136; x_wconf 88' lang='lat' dir='ltr'><strong>In</strong></span> <span class='ocrx_word' id='word_1_93' title='bbox 299 2084 426 2140; x_wconf 81' lang='lat' dir='ltr'><strong>febribus</strong></span> <span class='ocrx_word' id='word_1_94' title='bbox 449 2100 509 2136; x_wconf 90' lang='lat' dir='ltr'><strong>non</strong></span> <span class='ocrx_word' id='word_1_95' title='bbox 532 2070 814 2138; x_wconf 83' lang='lat' dir='ltr'><strong>intermittentibus‚&#39;</strong></span> 
     </span>
     <span class='ocr_line' id='line_1_20' title="bbox 146 2164 795 2246; baseline -0.025 -18"><span class='ocrx_word' id='word_1_96' title='bbox 146 2174 170 2228; x_wconf 86' lang='lat' dir='ltr'><strong>si</strong></span> <span class='ocrx_word' id='word_1_97' title='bbox 184 2183 423 2246; x_wconf 55' lang='lat' dir='ltr'><strong>partenenternae</strong></span> <span class='ocrx_word' id='word_1_98' title='bbox 441 2171 498 2224; x_wconf 86' lang='lat' dir='ltr'><strong>sint</strong></span> <span class='ocrx_word' id='word_1_99' title='bbox 516 2167 648 2240; x_wconf 82' lang='lat' dir='ltr'><strong>frigidae,</strong></span> <span class='ocrx_word' id='word_1_100' title='bbox 666 2164 795 2217; x_wconf 83' lang='lat' dir='ltr'><strong>internae</strong></span> 
     </span>
     <span class='ocr_line' id='line_1_21' title="bbox 146 2247 796 2321; baseline -0.023 -5"><span class='ocrx_word' id='word_1_101' title='bbox 146 2280 216 2316; x_wconf 85' lang='lat' dir='ltr'><strong>vero</strong></span> <span class='ocrx_word' id='word_1_102' title='bbox 237 2273 365 2318; x_wconf 82' lang='lat' dir='ltr'><strong>urantur</strong></span> <span class='ocrx_word' id='word_1_103' title='bbox 387 2270 415 2316; x_wconf 87' lang='lat' dir='ltr'><strong>et</strong></span> <span class='ocrx_word' id='word_1_104' title='bbox 439 2259 486 2314; x_wconf 85' lang='lat' dir='ltr'><strong>siti</strong></span> <span class='ocrx_word' id='word_1_105' title='bbox 510 2265 663 2321; x_wconf 83' lang='lat' dir='ltr'><strong>vexentur,</strong></span> <span class='ocrx_word' id='word_1_106' title='bbox 694 2247 796 2305; x_wconf 85' lang='lat' dir='ltr'><strong>lethale</strong></span> 
     </span>
     <span class='ocr_line' id='line_1_22' title="bbox 147 2361 411 2413; baseline -0.008 -6"><span class='ocrx_word' id='word_1_107' title='bbox 147 2361 198 2413; x_wconf 77' lang='lat' dir='ltr'><strong>est.</strong></span> <span class='ocrx_word' id='word_1_108' title='bbox 409 2399 411 2405; x_wconf 31' lang='lat' dir='ltr'><strong>s</strong></span> 
     </span>
     <span class='ocr_line' id='line_1_23' title="bbox 182 2431 795 2510; baseline -0.011 -18"><span class='ocrx_word' id='word_1_109' title='bbox 182 2443 225 2510; x_wconf 83' lang='lat'><strong>49.</strong></span> <span class='ocrx_word' id='word_1_110' title='bbox 242 2437 276 2491; x_wconf 90' lang='lat' dir='ltr'><strong>In</strong></span> <span class='ocrx_word' id='word_1_111' title='bbox 294 2437 372 2492; x_wconf 82' lang='lat' dir='ltr'><strong>febre</strong></span> <span class='ocrx_word' id='word_1_112' title='bbox 390 2457 451 2494; x_wconf 90' lang='lat' dir='ltr'><strong>non</strong></span> <span class='ocrx_word' id='word_1_113' title='bbox 470 2436 689 2501; x_wconf 86' lang='lat' dir='ltr'><strong>intermittents,</strong></span> <span class='ocrx_word' id='word_1_114' title='bbox 707 2432 730 2486; x_wconf 89' lang='lat' dir='ltr'><strong>si</strong></span> <span class='ocrx_word' id='word_1_115' title='bbox 748 2431 795 2486; x_wconf 71' lang='lat' dir='ltr'><strong>la-</strong></span> 
     </span>
     <span class='ocr_line' id='line_1_24' title="bbox 78 2523 797 2601; baseline -0.015 -18"><span class='ocrx_word' id='word_1_116' title='bbox 78 2538 81 2546; x_wconf 91' lang='lat'>&#39;</span> <span class='ocrx_word' id='word_1_117' title='bbox 145 2527 249 2596; x_wconf 80' lang='lat' dir='ltr'><strong>hrum,</strong></span> <span class='ocrx_word' id='word_1_118' title='bbox 267 2538 318 2582; x_wconf 82' lang='lat' dir='ltr'><strong>aut</strong></span> <span class='ocrx_word' id='word_1_119' title='bbox 328 2528 527 2601; x_wconf 85' lang='lat' dir='ltr'><strong>supercilium,</strong></span> <span class='ocrx_word' id='word_1_120' title='bbox 547 2535 596 2581; x_wconf 84' lang='lat' dir='ltr'><strong>aut</strong></span> <span class='ocrx_word' id='word_1_121' title='bbox 616 2523 728 2587; x_wconf 88' lang='lat' dir='ltr'><strong>oculos,</strong></span> <span class='ocrx_word' id='word_1_122' title='bbox 747 2527 797 2574; x_wconf 84' lang='lat' dir='ltr'><strong>aut</strong></span> 
     </span>
     <span class='ocr_line' id='line_1_25' title="bbox 146 2607 795 2690; baseline -0.014 -20"><span class='ocrx_word' id='word_1_123' title='bbox 146 2635 233 2672; x_wconf 89' lang='lat' dir='ltr'><strong>nasus</strong></span> <span class='ocrx_word' id='word_1_124' title='bbox 257 2627 455 2690; x_wconf 81' lang='lat' dir='ltr'><strong>pervertatur,</strong></span> <span class='ocrx_word' id='word_1_125' title='bbox 494 2619 517 2671; x_wconf 89' lang='lat' dir='ltr'><strong>si</strong></span> <span class='ocrx_word' id='word_1_126' title='bbox 543 2619 633 2682; x_wconf 83' lang='lat' dir='ltr'><strong>visus,</strong></span> <span class='ocrx_word' id='word_1_127' title='bbox 663 2614 687 2668; x_wconf 86' lang='lat' dir='ltr'><strong>si</strong></span> <span class='ocrx_word' id='word_1_128' title='bbox 710 2607 795 2666; x_wconf 85' lang='lat' dir='ltr'><strong>audi-</strong></span> 
     </span>
     <span class='ocr_line' id='line_1_26' title="bbox 136 2694 796 2781; baseline -0.011 -21"><span class='ocrx_word' id='word_1_129' title='bbox 136 2714 194 2775; x_wconf 69' lang='lat' dir='ltr'><strong>tus</strong></span> <span class='ocrx_word' id='word_1_130' title='bbox 219 2706 365 2776; x_wconf 86' lang='lat' dir='ltr'><strong>defecerit,</strong></span> <span class='ocrx_word' id='word_1_131' title='bbox 401 2724 486 2781; x_wconf 79' lang='lat' dir='ltr'><strong>aegro</strong></span> <span class='ocrx_word' id='word_1_132' title='bbox 505 2710 563 2779; x_wconf 87' lang='lat' dir='ltr'><strong>jam</strong></span> <span class='ocrx_word' id='word_1_133' title='bbox 584 2701 685 2769; x_wconf 88' lang='lat' dir='ltr'><strong>debili,</strong></span> <span class='ocrx_word' id='word_1_134' title='bbox 708 2694 796 2772; x_wconf 82' lang='lat' dir='ltr'><strong>quid-</strong></span> 
     </span>
    </p>
   </div>
   <div class='ocr_carea' id='block_1_7' title="bbox 0 0 974 3262">
    <p class='ocr_par' dir='ltr' id='par_1_10' title="bbox 0 0 974 3262">
     <span class='ocr_line' id='line_1_27' title="bbox 0 0 974 3262; baseline 0 0"><span class='ocrx_word' id='word_1_135' title='bbox 0 0 974 3262; x_wconf 95' lang='lat' dir='ltr'><strong> </strong></span> 
     </span>
    </p>
   </div>
  </div>
 </body>
</html>
