1938 3262
267 332 436 410 sacrm
471 291 671 396 Q'usnrs.
742 315 789 387 55

175 477 219 528 50.
239 475 352 546 Quibus
364 473 623 548 paroxysmifiuut‚
642 491 788 548 quanam·

140 581 255 636 cunque
280 563 352 620 bora
375 564 461 618 febris
485 563 637 630 dimiserit,
663 564 685 618 si
710 562 785 620 bora

140 653 236 707 eadem
247 665 362 728 postero
375 655 419 710 die
431 654 516 709 etiam
528 652 721 728 prehenderit,
735 655 787 726 jtt·

139 743 243 798 dicatio
257 742 378 798 difficilis
392 754 441 800 est.

172 837 216 888 51·
235 833 348 904 Quibus
359 853 413 906 per
424 833 516 887 febres
527 830 700 886 lassitudinis
719 848 788 886 sen-

138 937 186 973 sus
205 920 294 985 inest,
314 921 347 975 iis
367 922 401 976 ad
422 921 573 986 articulos,
592 931 619 974 et
633 920 710 973 circa
723 938 789 974 rna-

138 1009 219 1063 xillas
231 1009 428 1082 potissimum,
448 1010 591 1066 abscessus
605 1008 790 1062 decumbunt.

171 1103 214 1154 52.
240 1099 353 1170 Quibus
378 1119 447 1155 vero
464 1097 726 1154 convalescentibus
752 1113 785 1150 ex

139 1187 241 1258 quovis
252 1187 374 1255 morbo,
393 1208 462 1263 pars
475 1188 571 1260 aliqua
585 1186 683 1242 labore
698 1203 786 1240 vexa-
882 1243 885 1262 1

138 1286 205 1341 tur,
224 1276 282 1330 illic
295 1278 437 1332 abscessus
450 1277 533 1356 liunt.

172 1370 215 1422 53.
236 1367 315 1438 Quin
323 1377 349 1421 et
360 1369 382 1422 si
395 1386 462 1440 pars
470 1367 622 1440 quaepiam
632 1373 696 1419 ante
704 1381 787 1420 mor-

137 1453 209 1528 burn
228 1455 412 1526 laboraverit,
431 1458 462 1511 in
478 1476 540 1512 eam
553 1475 582 1512 se
598 1455 718 1512 morbus
730 1453 792 1526 obff

136 1545 245 1605 firmat.

171 1641 216 1692 34.
234 1638 263 1691 Si
276 1637 354 1692 febre
374 1647 488 1705 vexato,
507 1636 588 1691 nullo
602 1635 735 1689 existente
755 1633 787 1686 iu

136 1726 267 1782 faucibus
280 1737 404 1795 tumore,
413 1728 563 1800 repentina
570 1725 677 1780 accidat
688 1733 786 1778 stran-

137 1818 263 1892 gulatio,
280 1816 393 1873 lethale.

171 1911 215 1963 35.
234 1907 264 1962 si
285 1905 458 1962 febricitanti
478 1906 585 1965 collum
602 1904 791 1982 persertim·

138 2011 171 2051 ac
187 1997 236 2050 vix
257 1996 397 2070 deglutire
417 2000 522 2072 possit,
547 1998 629 2053 nullo
653 1995 788 2050 existente

137 2095 267 2151 tumore,
285 2086 398 2144 letbale.

171 2179 215 2231 56.
235 2176 360 2232 Sudores
378 2174 606 2232 febricitantibus
623 2168 711 2234 boni,
737 2165 791 2238 qui

136 2266 284 2338 coeperint
307 2267 393 2320 tertio
416 2265 476 2330 die,
508 2263 626 2336 quinto,
656 2258 789 2332 septimo,

137 2373 233 2422 nono,
252 2355 420 2432 undecimo,
444 2354 710 2425 decimo-quarto,
734 2346 786 2402 de-

61 2487 72 2500 .
137 2445 384 2521 rimo-septimo,
402 2444 682 2517 vicesimo-primo,
708 2439 786 2494 vice-

135 2537 382 2610 simo-septimo,
400 2533 670 2608 tricesimo-primo
690 2539 717 2585 et
728 2527 788 2584 tri-

136 2626 395 2698 cesino-quanm
414 2624 435 2679 ii
449 2625 526 2682 euim
540 2623 657 2680 sudores
669 2618 787 2678 morbos
