1938 3262
302 365 464 416 snc'no
491 357 649 415 PRIMA}
755 367 796 414 11

146 508 215 564 celes
232 507 277 562 vel
295 507 436 575 difficiles,
455 518 481 562 et
497 507 610 576 breves,
634 506 681 561 vel
696 487 799 580 longos

144 600 210 654 fore
221 597 338 652 morbos
352 598 490 654 indicant.

184 691 225 744 13.
254 687 340 740 Senes
365 686 498 756 facillime
523 685 663 758 jejunium
685 684 798 746 ferunt:

145 776 304 832 seeundum
317 795 365 830 eos
378 786 466 830 aetate
486 776 681 830 consistentes:
706 777 796 830 mini-

144 886 228 922 mum
238 866 442 920 adolescentes:
454 866 585 921 omnium
597 882 666 919 vero
679 865 797 920 minime

143 956 242 1028 pueri5
274 963 358 1027 atque
376 955 453 1009 inter
469 956 547 1028 ipsos
571 955 621 1027 qui
645 953 797 1010 alacriores

143 1055 221 1100 sunt.

183 1136 225 1189 14.
238 1133 296 1204 Qui
308 1143 440 1196 crescunt
453 1131 612 1206 plurimum
626 1129 732 1186 habent
745 1149 796 1188 ea·

142 1221 195 1275 lidi
213 1221 319 1290 innati,
343 1222 472 1298 plurimo
489 1221 578 1293 igitur
595 1221 725 1293 indigent
741 1222 798 1276 ali-

143 1319 251 1378 mento,
270 1311 377 1384 alioqui
389 1330 496 1385 corpus
507 1311 676 1367 absumitur.
711 1312 795 1368 Seni-

143 1401 199 1454 bus
207 1415 280 1454 ·vero
292 1419 402 1472 paucus
414 1397 503 1469 calor,
520 1400 627 1456 idcirco
640 1419 707 1456 sane
717 1420 797 1476 pau·

143 1490 184 1545 cis
196 1488 343 1543 fomitibus
356 1489 498 1561 indigent,
523 1508 541 1543 a
556 1491 654 1546 multis
670 1509 796 1564 namque

143 1579 331 1651 extinguitur.
373 1578 499 1635 Eandem
519 1580 604 1636 etiam
623 1580 661 1635 ob
681 1599 795 1636 causam

143 1688 237 1742 neque
249 1669 362 1723 senibus
375 1668 466 1723 febres
478 1670 597 1743 perinde
610 1681 708 1727 acutae
720 1689 794 1727 con-

142 1760 272 1832 tingunt:
291 1758 794 1834 fridigumenimesteorumcorpus·
855 1747 864 1756 ⁵

180 1853 222 1905 15.
241 1849 361 1902 Ventres
372 1847 473 1920 hyeme
488 1857 516 1902 et
527 1866 608 1916 vere,
627 1859 732 1904 natura
742 1866 795 1903 ca-

141 1937 287 2006 lidissimi,
305 1938 455 2011 somnique
467 1937 634 2009 longissimi.
670 1937 723 1992 His
735 1936 794 2008 igi-

141 2038 193 2082 tur
209 2029 389 2101 temporibus
406 2026 568 2099 copiosiora
588 2025 695 2080 cibaria
712 2022 793 2077 enbi-

143 2115 250 2171 benda:
281 2117 420 2190 siquidem
437 2114 599 2188 plurimum
616 2113 688 2192 inest
712 2108 795 2165 calidi

142 2205 251 2270 innati,
274 2205 395 2278 ideoque
413 2203 572 2276 copiosiore
591 2201 720 2273 indigent
739 2199 794 2254 ali-

143 2305 252 2351 mento.
287 2295 374 2366 Quod
392 2292 637 2349 indicantaetates
656 2298 683 2343 et
702 2286 795 2344 athle-

142 2394 198 2440 tae.

179 2477 220 2531 16.
241 2457 340 2529 Victus
357 2470 507 2536 humidus,
525 2469 659 2525 omnibus
676 2468 793 2525 febrici-

142 2563 279 2629 tantibus,
293 2560 391 2635 pueris
405 2578 473 2614 vero
486 2560 617 2626 maxime,
636 2568 720 2629 atque
732 2558 795 2613 eliis

141 2653 247 2726 quiite
259 2652 355 2708 vivere
367 2657 585 2728 consueperunt
603 2643 722 2701 confert·
733 2713 736 2718 Ι
