1938 3262
276 387 656 447 normannnis.
744 383 792 456 35

139 547 775 584 mmmmm

265 759 433 843 suerro
467 787 652 852 rrum.

447 924 470 978 1.

81 1121 82 1124 Ἴ
132 1023 371 1112 Taurasraruu
390 1055 459 1109 anni
477 1056 649 1114 mutationes
666 1064 784 1135 potissi,-

132 1157 214 1194 mum
234 1138 507 1214 morbos'giguunt‚
534 1143 609 1196 etin
629 1147 696 1219 ipsis
716 1151 786 1208 anni

131 1228 345 1302 tempestatibus
359 1235 479 1302 magnae
485 1232 655 1288 mutationes
667 1248 716 1291 aut
728 1239 784 1292 iri·
865 1253 867 1260 ’

132 1320 224 1390 geris,
255 1330 304 1372 aut
322 1319 440 1388 caloris,
471 1320 582 1394 aliaque
598 1343 655 1396 pro
672 1327 785 1384 ratione

131 1407 255 1463 adhunc
266 1409 396 1464 modum.

165 1518 192 1553 2.
210 1497 337 1552 Naturae
361 1497 414 1552 hae
438 1499 553 1571 quidem
583 1499 618 1552 ad
642 1511 784 1572 aestatem,

131 1585 203 1640 aliae
227 1605 296 1640 vero
316 1586 352 1640 ad
371 1586 516 1660 hyemem,
547 1589 619 1646 bene
637 1593 682 1647 vel
709 1594 787 1650 male*

131 1686 200 1730 sunt
214 1677 393 1734 constitutae.

165 1789 193 1840 5.
211 1785 310 1840 Morbi
335 1805 450 1862 quoque
473 1789 522 1844 alii
551 1791 586 1844 ad
616 1791 685 1846 alias
716 1793 787 1853 anni

130 1885 311 1948 tempestates
323 1875 395 1932 bene
407 1879 452 1932 vel
465 1878 538 1934 male
557 1869 675 1936 hahent:
695 1892 722 1934 et
734 1897 784 1934 ae-

131 1973 203 2019 tates
222 1965 363 2038 quaedam
387 1967 423 2022 ad
446 1969 515 2022 anni
537 1978 730 2042 tempestates,
759 1977 788 2026 et
844 1987 846 1994 ’

132 2055 277 2127 regiones,
295 2064 322 2109 rt
335 2055 424 2110 victus
437 2055 571 2111 rationes.

167 2147 195 2200 4.
212 2143 268 2197 Per
281 2143 349 2196 anni
356 2152 543 2215 tempestates,
557 2143 673 2216 quando
687 2141 786 2199 eodem

132 2230 193 2297 die,
217 2231 305 2284 modo
327 2232 421 2297 calor,
444 2231 530 2285 modo
549 2232 640 2304 frigus
658 2232 706 2299 fit,
731 2249 787 2285 au-

132 2319 275 2376 tumnales
289 2321 407 2375 morbos
423 2328 579 2393 expectato.

167 2424 195 2476 5.
214 2415 314 2475 Austri
337 2420 489 2474 auditionis
506 2418 722 2487 hebetudinem,
740 2414 788 2472 vi-

130 2507 220 2564 sionis
227 2509 390 2581 caliginem,
407 2511 507 2582 capitis
519 2510 687 2583 gravitatem
700 2506 789 2561 indu-

131 2608 219 2666 cunt,
240 2616 361 2670 ·corpus
388 2599 537 2672 torpidum
565 2607 592 2652 et
620 2596 788 2674 languidum

131 2687 269 2746 reddunt.
306 2687 385 2742 eum
402 2688 442 2744 sic
456 2685 612 2742 ⁴invaluerit
630 2694 791 2760 tempestas,

790 2398 802 2424 k
