1938 3262
250 383 417 431 sncrro
444 387 629 439 cauria.
736 374 781 457 59

130 525 300 579 universum
327 525 462 581 siccitates
494 530 611 584 assiduis
641 531 780 586 imbribus

130 624 199 672 aunt
211 613 400 680 salubriores,
417 619 570 692 minusque
588 620 713 677 lethales.

111 727 114 732 '
168 711 209 768 1'6.
230 713 328 767 Morbi
349 727 443 772 autem
461 719 490 772 in
510 719 648 790 pluviosis
665 721 782 794 quidem

130 804 302 878 'plerumque
331 804 422 873 siunt,
441 817 523 870 cum
557 805 648 864 febres
672 811 783 883 longae,
870 862 876 875 ,

130 903 194 947 tum
215 893 272 948 alvi
290 894 443 960 fluxiones,
467 899 646 970 putredines,
671 901 783 972 epilep-

60 1059 68 1068 .
130 985 201 1052 siae,
227 987 408 1062 apoplexiae,
428 996 455 1040 et
466 987 596 1058 anginae.
633 988 686 1039 Per
700 988 785 1040 sicci-

130 1083 201 1128 tates
222 1085 331 1142 autem,
360 1077 547 1141 tabitudincs,
581 1070 783 1148 ophthalmiae,

131 1163 313 1234 arthritides,
334 1167 436 1221 urinae
454 1165 610 1232 stillicidia,
633 1175 660 1218 et
677 1165 785 1235 dysen-

128 1256 227 1311 teriae.
686 1270 689 1276 ’

146 1373 149 1380 ·
169 1365 211 1414 17.
230 1345 421 1415 Quotidianae
447 1355 541 1400 autem
560 1331 796 1410 constitutionem

131 1434 295 1506 aquiloniae
308 1436 423 1507 quidem
442 1453 566 1507 corpora
584 1433 784 1506 compingunt,

131 1522 307 1589 valentiora,
333 1524 520 1597 expeditiora,
543 1524 730 1589 coloratiora,
744 1532 785 1597 ‘et

131 1611 233 1666 melius
252 1611 394 1666 audientia
418 1613 557 1680 reddunt,
593 1613 672 1667 alvos
699 1613 783 1666 etiam

130 1702 251 1766 siccant,
269 1701 424 1774 oculosque
436 1703 583 1770 mordent,
601 1715 628 1758 et
646 1705 670 1758 si
686 1705 718 1756 in
730 1721 786 1774 pe-

131 1800 211 1844 ctore
231 1788 312 1843 color
325 1792 428 1864 aliquis
440 1793 521 1865 prius
534 1793 669 1860 extiterit,
692 1794 784 1866 magis

126 1879 230 1939 dolent
255 1881 341 1953 aegri.
390 1879 543 1935 Austrinae
563 1901 632 1936 vero
657 1900 783 1955 corpora
834 1885 838 1889 ’

132 1971 283 2025 exsolvunt
293 1980 320 2024 et
332 1969 511 2036 humectant,
530 1971 659 2024 auditum
671 1971 781 2024 obtun-

54 2115 56 2118 ,
132 2059 219 2126 dunt,
248 2071 336 2134 caput
360 2068 496 2130 gravant,
525 2059 676 2130 vertigines
695 2060 784 2114 oculis

129 2157 263 2213 movent,
280 2145 607 2220 corporibusdisficilem
626 2148 784 2206 motionem

129 2227 290 2301 inducunt,
309 2245 339 2288 et
349 2236 428 2292 alvos
442 2235 617 2292 humectant.

169 2339 209 2394 18.
227 2335 281 2388 Per
307 2337 376 2392 anui
403 2347 538 2409 ,tempora
569 2345 680 2403 autem,
715 2353 782 2393 vere

125 2423 253 2497 'quidem‘
267 2435 294 2478 et
318 2426 423 2498 prima·
439 2435 541 2480 aestate
559 2425 655 2499 pueri,
684 2425 782 2498 etqui

130 2525 223 2570 aetate
235 2515 279 2568 his
293 2515 419 2588 proximi
437 2525 517 2579 sunt,
541 2516 648 2595 pptime
666 2513 786 2586 degunt,

131 2613 160 2661 et
172 2604 294 2659 maxime
306 2603 416 2658 valente
441 2613 543 2660 aestate
559 2622 643 2670 vero,
662 2613 690 2656 et
707 2621 794 2676 qua*-
859 2667 866 2676 Δ

128 2691 273 2770 dantenru
295 2701 436 2751 autumno
461 2711 554 2766 aenan
581 2692 694 2765 reliqua
709 2705 778 2748 vno
