1938 3262
271 355 697 414 sncr1osucusns.
744 347 808 416 25
855 319 865 387 ‘¹

158 502 264 568 istunt,
289 501 468 556 autumnales
485 521 553 556 vero
574 503 691 577 longae,
719 522 806 577 prae-

159 592 257 647 sertim
270 609 338 645 vero
357 608 429 662 quae
442 588 570 660 hyemem
584 593 740 666 attingunt.

192 684 236 738 26.
250 678 809 753 Convulsionisebremsupervenirerne-
843 709 850 712 ·

157 768 214 825 lius
226 780 279 829 est.
297 789 385 843 quam
397 769 611 824 convulsionem
625 771 707 828 febri.

192 878 236 930 27,
259 857 296 912 lis
319 877 392 931 quae
413 878 473 913 nou
493 859 649 914 secundum
667 861 809 918 rationem

156 947 263 1013 levant,
282 947 369 1003 fidere
381 965 441 1002 non
454 959 584 1022 oportet,
602 966 694 1020 neque
706 949 809 1006 admo-

156 1037 226 1092 dum
238 1047 363 1092 metuere
375 1037 451 1093 mala
464 1057 537 1110 quae
551 1046 663 1110 praeter
670 1037 810 1094 rationem

157 1129 302 1184 eveniunt.
336 1126 429 1181 Multa
448 1126 524 1180 enirn
544 1123 648 1179 borum
669 1125 810 1182 instabilia

156 1227 235 1283 sunt,
253 1233 345 1287 neque
357 1215 513 1270 admodum
524 1232 701 1289 permanere,
718 1233 811 1288 neque

156 1323 340 1378 perseverare
351 1315 572 1376 consueverunt..

192 1399 236 1450 28.
255 1393 369 1468 Corpus
382 1384 482 1450 eorum
496 1395 546 1468 qui
560 1410 620 1448 non
635 1392 753 1448 omnino
766 1392 809 1446 le-

156 1484 231 1538 viter
246 1483 422 1552 febricitant,
440 1487 470 1539 in
490 1485 588 1539 eodem
601 1484 766 1549 consistere,
785 1493 813 1537 et

155 1572 228 1627 nihil
240 1573 396 1636 concidere,
410 1574 452 1629 vel
466 1575 550 1630 ctiam
561 1575 651 1646 magis
658 1594 745 1647 quam
758 1593 810 1628 ra-

156 1663 338 1735 tio'postulat
357 1665 520 1728 extenuari,
547 1681 633 1734 gravo
651 1675 700 1718 est.
735 1663 810 1717 lllud

157 1751 298 1824 siquidem
313 1751 408 1806 morbi
427 1752 657 1820 diuturnitatem,
676 1751 730 1807 boc
743 1769 811 1807 vero

155 1839 378 1895 imbecillitatem
395 1840 546 1912 significat.

193 1949 237 2000 29.
256 1928 461 2002 incipientibus
474 1928 598 1996 morbis,
623 1929 727 2002 siquid
742 1947 809 1984 mo·-

159 2019 285 2074 vendum
300 2019 419 2083 videtur,
438 2027 566 2072 moveto:
584 2020 744 2090 vigentibus
757 2037 809 2072 ve-

157 2127 210 2173 ro,
231 2127 374 2181 quiescere
387 2116 521 2180 praestat.

96 2263 100 2272 ¹
194 2201 238 2253 50.
258 2195 341 2254 Circa
353 2197 434 2250 initia
451 2205 479 2250 et
495 2194 565 2247 linas
576 2195 673 2248 omnia
687 2205 754 2248 sunt
765 2195 809 2250 le-

158 2286 251 2350 viora,
269 2296 298 2340 at
309 2287 384 2341 circa
397 2285 509 2356 vigores
521 2281 740 2338 vehementiora.

193 2379 237 2430 δι.
256 2376 297 2428 Ex
317 2374 420 2428 morbo
440 2373 512 2427 belle
531 2372 689 2428 comedenti
704 2393 810 2450 corpus

157 2461 230 2515 nihil
243 2462 393 2536 prolicere,
413 2463 529 2518 malurn.

193 2557 237 2606 52.
257 2553 364 2605 Omnes
373 2551 430 2603 lere
443 2552 571 2623 molcqui
584 2569 611 2604 se
622 2549 736 2615 babent,
749 2553 808 2605 cir·-

158 2639 294 2696 ca'initia
311 2639 426 2712 quidem
448 2639 544 2694 cibum
567 2639 638 2694 benc
658 2651 808 2710 sumentes,
