1938 3262
178 411 182 426 .,
251 351 422 408 sucuro
447 356 649 418 Quaeras
725 337 770 424 67

122 507 170 552 tus
181 505 350 570 erumpant,
361 506 420 551 ‘aut
434 498 533 552 urinae
545 499 628 571 eopia
641 496 771 571 prodeat.

124 587 203 641 Haec
215 605 284 639 vero
299 586 330 648 in
342 587 469 640 febribus
480 588 661 658 contingunt.

159 679 200 747 74.
220 675 333 745 Quibus
345 695 407 748 spes
420 687 460 729 est
472 676 509 730 ad
517 675 772 730 articulosabsces*

121 785 233 832 surum,
243 766 278 820 ab
292 766 421 820 abscessu
434 765 538 818 liberat
551 765 635 818 urina
648 765 773 836 copiosa,

121 857 205 911 valde
225 875 335 922 crassa,
354 865 381 908 et
403 855 468 908 alba
487 853 612 918 reddita,
632 854 724 926 qualis
742 852 773 905 in

119 945 249 1001 febribus
275 961 341 999 curn
367 943 541 996 lassitudinis
565 949 772 1013 sensu'quarto

121 1035 167 1088 die
175 1033 347 1107 quibusdam
366 1033 434 1086 serri
453 1033 564 1105 incipit.
599 1030 686 1101 Quod
704 1030 726 1083 si
739 1047 772 1082 ex

120 1121 609 1194 naribusetismsanguiseffluxerit,
624 1128 686 1172 tum
692 1117 773 1171 brevi

122 1213 279 1270 admodum
290 1211 403 1266 levatur
415 1230 507 1284 aeger.

158 1309 201 1374 75.
220 1304 250 1357 Si
265 1302 329 1375 quis
342 1303 509 1373 sanguinem
524 1310 574 1354 aut
586 1318 641 1373 pus
653 1299 773 1370 mingat,

119 1409 226 1446 renum
244 1400 294 1445 aut
312 1391 418 1446 vesicae
436 1388 606 1444 exulceratio
618 1384 771 1460 'siguifica-

120 1489 180 1536 tur.
601 1465 603 1471 ’
641 1541 646 1554 ’

157 1573 199 1641 76.
218 1569 410 1641 Quibuscum
422 1569 509 1622 urina
527 1587 635 1634 crassa,
655 1567 770 1640 exiguae

88 1719 93 1728 ,
119 1659 304 1724 carunculae,
319 1669 368 1713 aut
380 1659 467 1713 veluti
480 1658 576 1731 capilli
587 1675 646 1710 una
659 1651 770 1718 exeunt,

103 1739 155 1806 'its
171 1771 187 1805 a
200 1751 317 1804 renibus
331 1759 534 1804 excernuntur.

76 1911 80 1916 1
156 1861 199 1912 77.
220 1840 334 1912 Quibus
347 1857 413 1892 cum
425 1837 511 1890 urina
523 1855 626 1902 crassa,
638 1834 769 1889 furfura-

121 1949 171 1987 eea
185 1930 326 2004 quaedam
338 1938 450 1994 exeunt,
469 1929 503 1980 iis
515 1927 607 1980 vesica
618 1925 710 1979 scabie
723 1923 769 1977 la·

120 2020 216 2075 burat.

157 2112 200 2179 78.
213 2109 386 2181 Quicunque
395 2103 686 2180 repentesanguinem
692 2101 770 2154 min-

120 2207 203 2270 gunt,
216 2199 250 2252 iis
262 2199 292 2252 in
303 2197 420 2252 renibus
433 2195 567 2250 venulam
580 2201 698 2264 ruptam
715 2207 771 2244 esse

120 2285 308 2358 significatur.

158 2395 200 2446 79.
219 2376 332 2448 Quibus
344 2375 375 2429 in
387 2368 630 2428 urina'subsideut
643 2387 770 2439 arenosa,

119 2464 155 2519 iis
161 2465 253 2520 vesica
264 2465 373 2519 calculo
385 2464 513 2529 laborat,
530 2463 576 2517 vel
587 2479 679 2515 renes.

156 2557 201 2611 80.
220 2554 250 2608 Si
268 2553 332 2626 quis
344 2554 511 2626 sanguinem
529 2553 639 2624 mingat
657 2560 684 2604 et
696 2568 768 2623 gru-

122 2659 195 2713 mos,
208 2653 237 2699 et
247 2629 443 2716 stranguriam
454 2641 565 2709 habeat,
585 2636 725 2714 doluique
737 2640 769 2693 in
