1948 3266
280 349 448 401 suerro
476 334 669 398 snare}
718 323 788 401 v105

137 489 200 551 loci
217 493 448 559 crassitudinem,
486 490 530 545 sui
559 487 697 545 indicium
723 507 783 546 non

137 584 265 659 praebet.

188 678 233 729 42.
259 672 366 728 Morbo
386 671 464 744 regio
484 667 712 725 laborantibus·
703 687 782 741 Jecur

137 761 245 816 durum
259 760 337 828 fieri,
355 761 474 816 melum.

135 871 137 876 ·
187 855 230 906 43
243 851 369 904 Lienosis
383 869 433 922 qur
426 833 604 922 dysenteria
616 850 782 922 corripiun·
853 890 859 902 .

135 948 200 1004 tur,
224 938 247 991 si
268 937 381 1010 longius
404 936 595 1010 protrahatur
614 938 783 1010 dysenteria,

136 1025 279 1098 hydrops,
305 1036 354 1080 aut
372 1027 488 1082 laevitas
507 1027 708 1082 intestinorum
730 1043 786 1080 su-·

136 1115 286 1188 pervenit,
306 1126 332 1170 et
345 1117 522 1172 moriuntur.
568 1143 570 1148 ·

151 1226 154 1232 ·
186 1207 236 1260 44.
266 1203 379 1275 Quibus
405 1223 437 1260 ex
464 1205 627 1278 stranguria
649 1199 786 1257 volvuius'

136 1293 273 1360 a'rcedit,
264 1303 341 1348 rutra
353 1294 427 1350 diem
441 1296 593 1368 septimum
606 1293 783 1358 moriuntur,

136 1385 190 1448 nisr
184 1383 282 1438 'febre
292 1383 439 1437 accedente
453 1384 568 1470 copiosa
580 1384 667 1437 urina
678 1382 782 1436 effluat.

186 1477 230 1529 45.
251 1473 355 1526 Ulcera
374 1491 471 1527 annua
494 1491 682 1546 quaecunque
700 1463 784 1538 fiunt,

136 1562 307 1634 autlongtus
313 1569 426 1636 tempus
439 1561 590 1630 detinent,
582 1576 614 1618 ιιι
628 1563 663 1616 iis
666 1565 707 1616 os
716 1561 782 1615 abs-

135 1651 234 1706 cedere
247 1661 288 1709 est
298 1661 451 1718 necesse,et
464 1654 606 1709 cicatrices
621 1671 704 1708 cavas
712 1649 784 1706 fieri.

143 1757 147 1766 ·
184 1740 231 1796 46.
257 1739 316 1810 Qui
344 1739 455 1811 gibbosi
486 1761 519 1796 ex
550 1742 713 1806 asthmate,
735 1749 787 1794 aut

136 1829 205 1884 tussi
220 1827 294 1882 finnt
309 1838 373 1882 aute
385 1831 582 1902 pubertatem,
607 1831 783 1887 moriuntur.

93 1938 95 1944 ¹
144 1911 147 1916 ’
187 1923 232 1989 47.
256 1917 369 1987 Quibus
390 1937 478 1974 venae
500 1922 586 1975 sectio
606 1931 633 1974 et
655 1917 783 1973 medica-

137 2017 266 2065 mentum
292 2019 420 2081 purgans
444 2007 571 2074 confert,
593 2008 626 2060 iis
643 2023 710 2059 vere
731 2017 789 2058 ue·-¹

137 2117 206 2153 nam
227 2115 304 2164 seca,
324 2107 374 2152 aut
393 2097 641 2152 medicamentum.
656 2085 785 2169 purgans

137 2185 250 2243 exiribe.
647 2178 649 2184 ¹

189 2280 233 2332 48.
252 2275 377 2330 Lienosis
391 2273 525 2330 accedens
542 2273 712 2350 dysenteria,
728 2271 786 2327 bo-

139 2383 178 2419 no
196 2375 247 2421 est.

152 2459 234 2525 49.
249 2453 400 2526 Podagrici
414 2455 519 2526 morbi,
535 2455 612 2508 intra
626 2451 700 2505 diem
714 2461 790 2518 qua·

140 2510 343 2616 dragesimam,
357 2543 454 2642 sedata
466 2541 702 2614 inflammatione,
718 2531 811 2592 sub·

117 2633 253 2697 sidunt.
735 2655 738 2660 ·
