1938 3262
231 325 656 411 sncn10sncuunat
716 355 762 430 ²9

146 510 192 580 47.
209 503 332 560 Dolores
349 509 377 556 et
393 497 485 556 febres
508 498 679 572 contingunt
696 516 764 555 tna-
861 541 862 544 η

112 595 155 668 gis
173 593 248 648 circa
271 592 353 666 puris
371 590 597 664 generationem,
621 607 711 662 quam
729 604 763 646 eo

110 683 249 739 confecto.

143 777 188 830 48.
209 769 319 843 Quovis
340 769 372 822 in
393 767 525 842 corporis
549 775 647 833 motu,
677 763 764 822 simul

111 879 144 915 ac
155 857 269 931 fatigari
282 857 424 931 coeperit,
443 858 524 930 quies
539 855 690 912 confestim
701 855 762 911 las·

109 949 241 1006 situdinis
255 959 295 1003 est
307 947 475 1002 remedium.

81 1106 85 1112 .
142 1040 186 1108 49.
205 1034 263 1106 Qui
282 1033 380 1090 solitos
396 1034 510 1090 labores
527 1033 602 1089 serre
630 1051 763 1090 assueve-

108 1135 181 1180 runt
198 1123 329 1198 quamvis
354 1124 474 1180 invalidi
493 1125 564 1191 sint,
605 1134 655 1179 aut
680 1124 766 1180 etiam

108 1232 203 1282 senes,
222 1231 268 1268 eos
281 1212 391 1268 facilius
403 1213 516 1282 ierunt,
533 1232 627 1290 quam¹
640 1212 691 1286 qui
705 1229 766 1268 non

108 1304 227 1371 assueti,
243 1302 376 1378 quamvis
387 1302 499 1358 robusti
512 1312 539 1357 et
551 1305 676 1376 juvenes.

144 1408 188 1462 50.
208 1405 288 1476 Quae
295 1421 327 1458 ex
334 1401 422 1475 longo
434 1411 565 1476 tempore
572 1411 765 1471 assuetasunt,

108 1493 241 1567 quamvis
259 1493 415 1556 deteriora,
445 1492 562 1547 insuetis
579 1493 675 1548 minus
695 1509 764 1546 mo-

106 1582 179 1638 lesta
191 1601 248 1638 esse
260 1583 360 1638 solent.
395 1581 493 1653 Quare
505 1579 541 1637 ad
551 1581 666 1639 insolita
679 1580 765 1635 etiam

106 1667 238 1724 facienda
249 1669 383 1726 mutatio.

141 1773 186 1826 51.
206 1768 364 1825 Confestim
383 1779 410 1824 et
428 1780 546 1844 repente
562 1785 700 1834 vacuare,
718 1766 765 1821 vei

107 1857 244 1931 implere,
268 1859 313 1913 vel
332 1847 497 1927 calefacere,
523 1858 567 1915 vel
585 1857 765 1928 refrigerare,

108 1946 155 2000 vel
166 1956 323 2019 utcumque
338 1949 420 2004 aliter
434 1967 541 2025 corpus
559 1961 692 2009 movere,
709 1960 764 2016 pe-

108 2030 283 2089 riculosum:
310 2038 449 2110 siquidem
469 2055 554 2091 omne
570 2033 693 2087 nimium
710 2046 766 2083 na-

107 2131 193 2176 turae
204 2135 245 2178 est
254 2124 414 2182 inimicum.
444 2127 554 2179 Verum
567 2119 645 2194 quod
656 2116 763 2191 paula-

107 2211 162 2265 tim
174 2197 221 2279 fii,
238 2231 371 2270 securum
387 2225 443 2280 est,
458 2225 521 2268 tum
538 2210 582 2265 vel
599 2207 722 2263 maxime
741 2206 767 2260 si

110 2299 147 2357 ab
159 2318 219 2354 uno
232 2301 267 2355 ad
281 2301 403 2358 alterum
415 2303 552 2356 transitus
568 2297 634 2354 fiat.

52 2397 65 2410 ’
145 2405 190 2458 52.
209 2401 268 2472 Qui
281 2403 379 2457 omnia
397 2421 429 2458 ex
441 2401 554 2456 ratione
570 2389 763 2466 facit,'neque

108 2501 208 2547 tamen
219 2510 379 2546 successum
390 2510 445 2565 pro
458 2490 570 2546 ratione
581 2485 681 2553 habet,
701 2501 763 2538 non

108 2581 148 2636 ad
161 2580 241 2636 aliud
252 2582 389 2650 transito,
407 2588 610 2649 manentem,
630 2573 709 2652 qnod
728 2571 764 2630 ab

109 2670 196 2726 initio
209 2669 304 2726 visum
320 2677 370 2726 est.
