1938 3262
250 399 431 470 -sec'rro
470 419 657 470 reum.
736 402 780 472 65

169 563 212 634 57..
233 559 426 614 Convuisione
438 570 487 615 aut
494 561 662 616 distentione
672 581 782 617 nervo-

132 667 201 703 rum
220 649 352 720 detento,
370 649 457 704 sebris
477 653 679 724 superveniens
698 671 781 708 mor-

122 737 204 792 'bum
217 739 310 793 solvit.
471 727 473 732 ¹

167 834 210 885 58.
228 829 319 884 Fehre
336 829 453 885 ardente
466 829 595 895 detento,
614 830 710 902 rigore
729 848 781 886 su-

131 919 329 991 perveniente,
349 918 453 974 solutio
468 920 617 990 contingit.

168 1031 210 1097 59.
229 1027 365 1086 Tereiana
379 1029 517 1103 exquisita
531 1039 637 1103 septem
645 1031 686 1085 -ad
699 1049 781 1088 sum·

131 1133 213 1172 mum
237 1119 406 1174 circuitibus
431 1119 585 1191 judicetur.

165 1231 208 1284 6ο.
224 1229 338 1300 Quibus
352 1247 405 1304 per
417 1228 509 1284 febres
524 1248 607 1284 eures
619 1229 782 1285 obsurdue-
799 1266 804 1274 ·

105 1365 107 1370 .
131 1318 205 1383 rint,
230 1317 277 1372 his
298 1321 414 1393 sanguis
433 1339 466 1374 ex
488 1320 606 1374 naribus
624 1319 783 1392 profluens,

129 1417 183 1463 eut
194 1407 274 1462 alvus
287 1410 447 1475 exturbate,
466 1410 602 1466 morbum
618 1409 712 1464 solvit.

97 1521 100 1527 “
167 1519 211 1571 61.
229 1518 337 1586 Febris,
355 1520 410 1573 nisi
422 1519 467 1574 die
480 1520 580 1576 critico
592 1520 713 1591 desierit,
731 1538 781 1576 re-

132 1605 207 1659 verti
220 1606 301 1664 solet.

166 1700 211 1753 62.
230 1687 343 1768 Quibus
360 1717 412 1772 per
432 1699 524 1755 febres
544 1701 664 1756 morbus
687 1700 781 1774 regius

129 1796 197 1844 'ante
209 1786 284 1842 diem
297 1790 451 1863 septimum
463 1791 582 1857 accidit,
601 1790 720 1845 malum.

136 1931 139 1934 ·
167 1901 211 1954 65.
225 1880 343 1969 'Quibus
355 1915 408 1970 per
425 1898 516 1976 febres
529 1901 656 1971 quotidie
671 1901 781 1972 rigores

131 1987 220 2053 fiunt,
239 1987 366 2059 quotidie
377 1986 469 2042 sebres
482 1987 645 2043 solvuntur.

168 2080 211 2132 64.
230 2077 342 2147 Quibus
354 2097 407 2151 per
419 2078 511 2132 feb'res
524 2077 712 2149 dieseptimo,
732 2084 783 2154 eut

131 2183 221 2232 nono,
235 2176 284 2220 aut
295 2167 456 2234 undecimo,
476 2178 524 2221 aut
537 2167 782 2239 decimo-quarto,

132 2255 253 2330 morbus
266 2257 361 2328 regius
373 2258 580 2330 supervenerit,
593 2257 712 2318 bonum¹
726 2253 783 2307 uisi

131 2343 385 2416 byporhondrium
425 2346 574 2402 dextrum·
599 2342 784 2400 obduruerit:

134 2418 258 2506 alioqui,
277 2453 337 2488 non
356 2437 476 2492 bonum.

168 2525 211 2580 65.
229 2523 402 2581 Insubribus
416 2528 504 2582 acutis
512 2526 586 2580 circa
592 2533 722 2579 ventrem
729 2537 779 2575 ae-

87 2649 93 2657 ·
131 2623 192 2670 stus
203 2613 364 2688 vehemens,
377 2626 405 2671 et
416 2617 475 2672 oris
488 2613 641 2674 ventriculi
653 2627 775 2684 morsus,-

130 2703 255 2764 malum.
