1938 3262
263 401 264 404 ,
303 361 471 410 ΒΕΟΤΙΟ
504 355 662 413 PRIMA
786 376 807 442 9

147 521 243 576 neque
256 519 323 558 cum
336 503 385 558 tali
398 504 476 558 victu
491 505 560 558 satis
572 524 629 560 esse
643 481 742 579 possit,
761 511 806 566 vel
837 525 846 542 ³

147 595 232 666 prius
244 593 365 647 morbus
380 593 506 662 deficiat,
526 605 553 648 et
565 595 753 654 obtundatur.

187 736 228 772 10.
255 714 368 786 Quibus
385 717 474 788 igitur
493 717 588 772 statim
611 717 695 789 vigor
717 719 804 790 adest,

145 806 281 879 protinus
306 803 429 858 tenuiter
455 805 556 860 alendi.
597 808 709 878 Quibus
733 829 802 866 vero

144 905 246 968 postea
264 895 348 966 vigor
366 893 482 948 futurus
502 905 558 960 est,
583 895 617 949 iis
635 897 687 950 sub
706 899 802 972 ipsum
845 895 847 900 ¹
897 957 906 968 ,

145 984 254 1055 vigoris
268 993 381 1056 tempus
396 992 423 1037 ct
435 983 524 1055 paulo
538 995 618 1051 ante,
638 987 717 1040 cibus
730 989 802 1042 sub-

144 1073 312 1150 trahcndus.
338 1074 432 1127 Antea
445 1091 514 1126 vero
530 1073 645 1128 uberius
658 1076 801 1148 alendum,

144 1171 178 1216 ut
190 1163 311 1216 sufficiat
325 1181 417 1235 aeger.

182 1304 223 1339 11.
242 1281 276 1336 In
288 1281 552 1349 exacerbationibus
566 1283 663 1338 cibum
683 1285 801 1344 subtra-

142 1373 212 1428 here
226 1382 355 1448 oportet:
376 1371 507 1428 exhibere
520 1373 596 1428 cuim
609 1374 738 1431 noxium.
764 1378 801 1433 Et

143 1483 211 1520 cum
219 1463 315 1518 morbi
327 1481 379 1537 per
392 1463 527 1516 circuitus
540 1464 756 1534 exacerbantur,
768 1467 799 1520 in

89 1593 90 1598 =
142 1555 213 1628 ipsis
225 1552 431 1607 accessionibus
444 1551 541 1606 cibum
555 1552 727 1611 subtrahito.

182 1683 224 1719 12.
242 1661 356 1729 Morbi,
372 1666 479 1720 stanni
493 1673 686 1740 tempestates,
705 1673 732 1718 ct
744 1684 798 1738 pe-

143 1751 297 1808 riodorum
310 1751 414 1809 collata
425 1756 500 1810 inter
513 1776 541 1812 se
555 1759 737 1820 incrementa,
757 1754 798 1808 si-

143 1860 178 1895 ve
190 1841 332 1913 quotidie,
350 1845 408 1899 sivo
424 1845 513 1900 altero
532 1862 647 1918 quoque
662 1843 722 1910 die,
742 1843 800 1898 sive
830 1901 834 1912 ⁴

138 1932 229 1986 ctiam
242 1950 295 2004 per
307 1935 417 2005 majora
436 1934 587 1990 intervalla
600 1933 687 2001 fiant,
705 1951 797 2014 paro-

143 2038 257 2092 xysmos
270 2031 297 2075 et
304 2023 477 2078 morborum
490 2025 707 2100 constitutiones
719 2023 798 2076 indi-

143 2108 260 2166 cabunt.
288 2111 367 2182 Quin
380 2114 465 2168 etiam
477 2123 504 2167 et
516 2131 549 2166 ex
561 2113 596 2165 iis
609 2130 681 2184 quae
694 2130 799 2184 supcr-

142 2199 264 2266 veniunt
275 2200 380 2258 indicia
391 2211 557 2267 sumuntur,
575 2201 653 2255 velut
666 2201 697 2254 in
710 2198 797 2273 pleu-

144 2288 227 2342 ritide
240 2288 439 2345 laborantibus
452 2301 579 2364 sputum,
593 2290 616 2344 si
628 2288 724 2344 statim
737 2289 797 2344 cir·-

144 2397 179 2433 ca
191 2380 288 2446 initia,
308 2376 444 2436 morbum
457 2381 588 2436 brevem:
614 2381 637 2434 si
650 2397 719 2434 vero
738 2398 796 2454 po·

142 2469 245 2523 sterius
259 2479 413 2542 appareat,
431 2472 551 2546 longum
564 2472 695 2526 futurum
708 2479 796 2524 testa·
848 2526 851 2531 ,

142 2568 203 2614 tur.
237 2560 346 2613 Urinae
359 2579 483 2634 quoque,
502 2571 530 2615 et
541 2561 597 2616 alvi
611 2570 797 2625 excrementa,

92 2633 97 2644 ’
145 2657 173 2702 et
185 2648 312 2718 sudores,
331 2647 382 2703 ubi
397 2650 593 2722 apparuerint,
612 2650 739 2720 judicatu
751 2649 797 2704 fa÷
