1938 3262
270 310 437 361 SECTIO
465 311 687 362 SECUNDA·
760 313 804 366 21

190 464 232 515 18.
249 457 360 512 Eorum
378 473 451 528 quae
469 455 618 512 confertim
638 465 665 509 et
681 455 809 510 celeriter

155 550 251 615 alunt,
271 547 373 602 celeres
388 563 504 617 quoque
518 544 591 598 finnt.
606 546 791 603 excretiones.

191 675 232 726 ¹9·
251 653 426 708 Morborum
440 661 591 705 acutorum
608 673 669 708 nou
688 656 808 709 omnino

118 809 123 812 ,
153 755 232 800 tutae
252 753 319 798 sunt
336 740 562 815 praedictiones,
590 761 682 817 neque
700 745 808 811 salutis,

95 876 97 880 v
153 854 246 909 neque
263 833 376 888 mortis.
557 823 565 836 '¹

189 963 233 998 ao.
259 935 373 1012 Quibus
392 955 445 1010 per
468 938 645 1006 juventutem
670 940 727 994 alvi
743 951 810 994 sunt

153 1029 303 1094 humidae,
332 1029 367 1081 iis
391 1027 600 1081 senescentibus
617 1031 809 1096 exsiccantum

155 1120 260 1193 quibus
275 1136 342 1172 vero
361 1119 552 1188 injuventute
570 1118 659 1172 siccae
672 1128 754 1186 sunt,
776 1119 810 1172 iis

154 1207 363 1277 senescentibus
375 1206 587 1270 humectantur.

99 1281 102 1288 V
190 1319 233 1353 21.
251 1299 367 1352 Famem
379 1298 439 1351 vini
451 1298 616 1352 meracioris
627 1299 707 1372 potio
716 1297 812 1361 solvit,

189 1409 232 1442 22.
251 1387 277 1440 A
290 1386 447 1459 repletione
459 1385 633 1461 quicumque
645 1387 812 1443 fiuntmor-

113 1499 115 1508 r
156 1476 201 1541 bi,
220 1494 267 1529 eos
279 1476 400 1530 inanitio
414 1487 508 1532 curat:
535 1489 561 1532 et
580 1481 754 1552 quicumque
773 1478 809 1532 ab

155 1566 330 1632 inanitione,
361 1583 408 1618 eos
434 1566 567 1640 repletio:
605 1580 632 1624 et
655 1569 686 1622 in
711 1568 811 1622 ceteris

109 1645 111 1650 ¹
156 1642 337 1709 contrarium
350 1656 476 1710 remedio
494 1667 544 1714 est.

192 1763 235 1814 23.
266 1760 365 1814 Morbi
393 1764 469 1816 acuti
491 1764 569 1818 intra
594 1763 824 1836 quatuordecim·

157 1849 217 1903 dies
229 1849 405 1922 judicantur.

193 1961 236 2012 24.
262 1958 390 2028 Quartus
408 1961 637 2034 septenariorum
659 1959 743 2012 index
762 1969 814 2015 est.

158 2047 285 2100 Octavus
304 2047 419 2122 alterius
445 2051 625 2123 septimanae.
643 2057 683 2100 est
700 2049 813 2119 princi—

158 2137 252 2209 pium.
283 2137 457 2201 Undecimus
469 2139 554 2190 etiam
565 2136 735 2208 spectandus
747 2137 813 2203 (lies,

81 2242 88 2256 ·
157 2226 815 2298 ipseenimseeundaeseptimanaequartus‘est.

157 2316 271 2369 Rursus
282 2335 398 2389 quoque
409 2316 578 2384 spectandus
586 2316 710 2370 (lecimus
722 2320 812 2391 septi-

160 2423 240 2470 mus,
274 2389 420 2459 hic‘enim
443 2415 483 2458 est
507 2415 628 2477 quartus
658 2425 674 2460 a
702 2403 811 2461 decimo

149 2505 283 2566 quartu,
301 2495 439 2567 septimus
452 2514 519 2560 vero
533 2495 569 2549 ab
584 2496 746 2552 undecimo,

196 2610 241 2661 25.
261 2605 427 2675 Quartanae
439 2605 558 2659 aestivae
573 2605 631 2660 sere
648 2606 748 2660 breues
761 2623 811 2660 ex-
