1938 3262
271 373 665 476 sncr1olu'n1tr1a.
742 376 787 462 57

135 541 309 614 dysenteriae
316 548 417 594 aestate
424 537 485 592 lieri
492 556 601 592 necesse
606 547 656 603 est,
667 537 791 592 maxime

135 630 319 703 mulieribus,
339 637 366 682 et
380 627 449 682 viris
463 638 567 682 natura
580 627 714 680 humidis.
804 687 807 692 Ι

172 741 214 776 12.
233 719 272 771 At
295 717 318 770 si
338 716 435 790 hyems
462 718 606 783 austrina,
637 727 664 770 et
684 715 793 770 assidue

134 808 267 885 pluviosa
282 817 308 860 et
320 804 433 880 placida
446 807 548 873 fuerit,
562 817 719 861 vorantem
733 807 791 860 sic-

134 919 203 955 eum
228 908 256 952 et
280 896 476 970 aquilonium,
513 897 645 952 mulieres
663 898 790 969 quidem,

135 989 242 1063 quibus
258 998 360 1062 partus
381 1007 448 1042 vere
466 988 610 1051 imminet,
641 1004 674 1038 ex
692 986 793 1057 quavis

112 1097 114 1102 ·
137 1093 223 1130 causa
238 1074 398 1132 abortiunt.
433 1078 514 1146 Quae
533 1093 601 1128 vero
620 1075 794 1148 pepererint,

136 1161 295 1221 imbecillos
321 1175 348 1218 et
375 1167 526 1222 morbosos
549 1165 671 1219 infantes
697 1164 793 1235 edunt,
838 1177 842 1186 ’

135 1254 176 1309 ita
189 1263 221 1307 ut
240 1253 285 1308 sel
305 1258 401 1310 statim
414 1257 570 1320 intereant,
589 1255 634 1308 vel
653 1265 752 1308 tenues
769 1263 797 1308 et

136 1341 337 1397 valetudinarii
372 1347 482 1404 vivant.
540 1345 668 1400 (laeteris
701 1355 796 1398 autem

136 1431 308 1488 mortalibus
331 1431 521 1504 dysenteriae,
552 1445 580 1488 et
601 1433 795 1508 ophthalmiae

137 1522 234 1577 aridae
247 1522 397 1576 oriuntur:
416 1523 576 1580 senioribus
588 1545 657 1580 vero
670 1524 800 1581 catarrbi

136 1611 220 1668 brevi
232 1609 442 1669 interficientes.

151 1741 153 1746 .
177 1716 218 1767 15.
235 1712 265 1765 Si
295 1730 364 1766 vero
391 1723 480 1766 aestas
494 1715 568 1770 sicca
592 1725 619 1771 et
638 1715 796 1789 aquilonia,

139 1812 296 1858 autumnus
308 1817 376 1854 vero
389 1801 505 1875 pluvius
524 1815 552 1859 et
565 1807 709 1862 austrinus
729 1805 796 1860 foe-

138 1894 195 1958 rit,
219 1891 322 1974 capitis
342 1890 455 1945 dolores
476 1891 576 1964 hyeme
595 1897 745 1960 oriuntur,
769 1903 798 1947 et

139 1992 244 2047 tusses,
258 1990 286 2034 et
298 1981 464 2048 raucitates,
480 1992 507 2035 et
521 1984 703 2062 gravedines,
715 1999 795 2035 non-

140 2067 228 2126 nullis
241 2070 325 2124 etiam
339 2070 427 2127 tabes.
523 2075 525 2078 ’

178 2175 218 2226 14.
236 2170 268 2224 si
301 2189 369 2224 vero
395 2169 559 2244 aquilonius
582 2171 669 2225 suerit
687 2180 714 2225 et
737 2171 797 2224 siue
852 2163 854 2168 ’

141 2259 247 2336 pluviis
259 2270 430 2326 autumnus,
447 2262 517 2314 viris
536 2261 651 2333 quidem
672 2259 723 2333 qui
740 2277 797 2314 na-

140 2345 209 2405 tura
221 2360 289 2404 sunt
300 2349 420 2416 humidi,
433 2361 459 2404 ot
471 2350 639 2404 mulieribus
651 2348 799 2424 proderit:
833 2393 835 2400 .

141 2440 260 2514 reliquis
273 2450 367 2494 autem
379 2437 572 2513 ophthalmiae
590 2452 675 2504 eruut
699 2442 798 2507 siccae,

142 2539 170 2588 et
187 2530 279 2586 febres
304 2540 417 2595 acutae,
444 2515 473 2584 et
500 2530 616 2602 longae,
648 2527 797 2584 nonnullis

141 2621 227 2678 etiam
251 2617 463 2675 melancholiae.

180 2713 222 2768 15.
239 2708 283 2764 nx
296 2707 365 2765 anni
386 2726 456 2767 vero
474 2708 738 2776 constitutionibus,
762 2705 795 2760 in
