1938 3262
256 354 424 403 saorro
455 355 655 432 ornare.
731 339 777 428 47

257 727 419 786 sncrro
454 733 658 802 Qoonrn.
699 699 721 791 s

447 901 473 959 i.

131 1001 354 1101 Patrorsrrns
367 1034 544 1107 purgandae,
558 1035 581 1088 si
589 1035 708 1089 materia
715 1043 782 1088 tur-

132 1126 204 1188 gear,
216 1118 437 1190 quadrimestres
449 1129 477 1173 et
483 1138 573 1191 usque
586 1120 621 1174 ad
630 1117 782 1193 septimum

133 1226 274 1264 mensem:
294 1209 347 1263 hae
359 1228 428 1264 vero
441 1210 545 1262 minus.
580 1209 709 1262 Minores
726 1227 781 1264 au·
833 1274 834 1278 Ἰ

133 1307 191 1352 tem
201 1309 230 1352 et
240 1299 365 1352 seniores
372 1298 463 1352 foetus
474 1308 554 1352 caute
563 1297 651 1351 vitare
658 1305 782 1369 oportet.

168 1419 193 1452 2.
211 1396 245 1450 In
256 1397 445 1472 purgantium
457 1417 520 1463 usu,
534 1397 630 1469 qualia
643 1407 670 1451 et
681 1407 783 1471 sponte

134 1486 306 1560 prodeuntia
325 1488 406 1542 utilia
425 1498 506 1554 sunt,
536 1488 603 1542 talia
627 1507 641 1542 e
661 1505 784 1560 corpore

134 1575 291 1642 educenda3
305 1596 379 1649 quae
386 1595 454 1631 vero
462 1578 607 1655 contrario
616 1578 701 1632 modo
708 1595 782 1650 pre-

134 1663 238 1732 deum,
256 1666 422 1721 cohibenda.

169 1756 196 1813 5.
214 1753 245 1806 Si
262 1773 335 1826 quae
353 1758 474 1830 purgari
491 1757 583 1822 decet,
613 1767 783 1830 purgentur,

135 1841 247 1895 confert
258 1853 286 1897 et
297 1843 381 1902 facile
390 1847 499 1902 serunt:
518 1856 619 1901 contra
632 1865 714 1913 vero,
726 1845 784 1900 dif-

134 1927 220 1986 ficile.

172 2021 201 2074 4.
218 2020 330 2076 Aestate
348 2023 464 2095 quidem
488 2023 650 2096 superiores
673 2031 786 2094 ventres

135 2109 235 2181 potius
245 2121 383 2184 purgato,
401 2111 502 2184 hyeme
513 2130 582 2166 vero
595 2111 755 2165 inferiores.

173 2215 199 2266 5.
217 2209 278 2264 Sub
290 2231 372 2280 cane¹
394 2222 421 2266 et
438 2222 503 2266 ante
522 2208 787 2277 canem,·molestae

138 2309 207 2353 sunt
217 2303 411 2372 purgationes.

174 2391 201 2444 6.
221 2391 347 2444 Graciles
361 2400 387 2443 et
398 2390 479 2444 facile
495 2399 656 2455 vomentes,
673 2407 788 2444 sursum

137 2479 293 2551 purgandi,
310 2481 431 2533 vitantes
443 2478 581 2550 hyemem.

174 2585 204 2636 7.
221 2565 343 2620 Difficile
356 2577 449 2620 autern
462 2577 621 2631 vomentes,
638 2577 665 2620 et
676 2566 787 2622 rnedio-

137 2653 226 2708 eriter
232 2654 355 2719 carnosi,
368 2652 510 2720 deorsum,
521 2655 641 2709 vitantes
648 2665 789 2714 aestatem.
