1938 3262
252 343 423 400 snonro
448 346 648 404 ranem.
725 331 769 400 41

124 495 208 560 parte
236 487 382 555 autumni,
414 498 442 542 et
461 487 575 560 hyeme,
615 488 665 562 qui
683 488 777 543 media

124 587 192 632 sunt
204 587 302 632 aetate.

161 687 201 739 19·
220 666 319 722 Morbi
333 666 450 738 quidem
467 685 565 724 omnes
584 666 615 719 in
628 665 776 750 quibusvis

125 757 194 812 anni
205 755 386 830 temporibus
405 756 556 824 oriuntur,
575 756 710 809 nonnulli
728 766 776 810 ta-

124 865 191 902 men
203 840 375 918 quibusdam
387 845 567 918 temporibus
583 845 675 917 *magis
692 843 777 912 fiunt,

125 945 151 991 et
165 935 385 990 exacerbantur.-

158 1045 202 1081 20.
220 1025 352 1097 Namque
358 1041 424 1078 vere
431 1022 552 1087 maniae,
563 1020 778 1090 melancholiae,

125 1113 291 1188 epilepsiae,
309 1110 457 1190 sanguinis
468 1110 629 1182 profluvia,
649 1101 779 1183 anginae,

124 1201 306 1275 gravedines,
335 1201 503 1267 raucitates,
533 1210 636 1266 tusses,
671 1199 778 1273 leprae,

124 1291 321 1364 impetigines,
339 1288 505 1363 vitiligines,
534 1300 562 1344 et
578 1288 710 1362 pustulae
729 1289 779 1343 ul-

124 1398 238 1437 cerosae
256 1379 415 1453 plurimae,
433 1389 462 1434 et
473 1379 640 1447 tubercula,
660 1387 687 1458 et
703 1379 778 1434 arti-

124 1467 260 1525 culorum
273 1467 401 1524 dolores,

159 1589 202 1624 21.
220 1568 333 1621 Aestate
351 1576 446 1622 autem
458 1565 566 1622 horum
579 1569 726 1637 nonnulli,
745 1557 792 1624 ac'

123 1657 216 1714 febres
230 1657 391 1722 continuae,
410 1667 438 1711 et
450 1656 588 1725 ardentes,
602 1670 629 1714 et
641 1661 779 1714 tertianae

125 1747 279 1822 plurimae,
297 1745 467 1800 vomitiones
480 1746 574 1812 etiam,
593 1757 620 1802 et
633 1747 690 1802 alvi
703 1766 777 1821 pro-

125 1837 227 1903 fluvia,
242 1835 444 1910 ophthalmiae,
457 1836 571 1890 aurium
586 1836 708 1904 dolores,
722 1835 781 1890 oris

126 1926 364 1992 exulcerationes,
382 1924 550 1997 genitalium
563 1926 738 1997 putredines,
753 1934 780 1978 ct

126 2015 288 2071 sudamine.

162 2138 205 2172 22·
223 2118 373 2170 Autumno
386 2132 455 2168 vero
464 2112 637 2167 aestivorum
650 2111 780 2188 plurimi,

127 2216 213 2278 atque
226 2206 311 2260 etiam
324 2215 482 2277 quartanae
494 2203 585 2257 febres
598 2210 624 2253 et
635 2201 781 2268 erraticae,

126 2294 229 2360 lienes,
254 2294 413 2367 hydropes,
437 2292 529 2357 tahes,
547 2291 649 2346 urinae
668 2291 781 2345 stillici-

127 2383 191 2449 dia,
207 2383 369 2449 lienteriae,
388 2393 415 2438 et
434 2381 623 2455 dysenteriae,
642 2379 780 2434 coxendi-

127 2491 195 2528 cum
207 2471 330 2538 dolores,
350 2471 478 2545 anginae,
494 2469 642 2534 asthmata,
660 2469 780 2538 volvuli,

127 2561 299 2630 comitiales,
318 2561 445 2628 furores,
464 2572 491 2615 et
504 2558 716 2615 melancholiae.

163 2655 208 2709 23.
225 2649 335 2724 Hyeme
346 2667 415 2705 vero
429 2649 604 2724 pleuritides,
620 2650 779 2724 peripneu-
