1948 3266
247 359 430 413 *oacrio
459 363 621 418 snxrtt.
698 375 762 444 107

165 511 208 564 50.
217 505 329 578 Quibus
343 506 593 576 perseeturniucrit
606 500 764 579 cerebrum,

115 597 150 651 iis
162 596 271 657 febrem
292 603 319 649 et
341 592 405 646 bilis
418 595 605 654 vomitionem
617 600 766 659 succedere*

115 703 226 741 necesse
246 692 296 750 est,

168 781 212 832 51.
239 773 353 844 Quibus
380 773 634 831 benevalentibus
663 780 764 852 capitis

114 862 228 917 'dolores
241 860 392 932 derepente
412 865 591 938 contingunt,
610 869 765 942 statimque

114 967 184 1004 voce
196 944 340 1014 deficiunt,
358 961 385 1005 et
397 962 535 1020 stertunt,
553 955 629 1008 intra
644 955 701 1010 dies
714 976 761 1012 se-

51 1041 55 1044 '
114 1027 193 1113 piem
206 1045 337 1109 pereunt,
351 1040 405 1092 nisi
417 1041 504 1095 labris
518 1060 565 1097 cos
570 1043 761 1115 prehenderit.

166 1126 352 1197 {inspectare
365 1143 434 1179 vero
448 1138 571 1199 oportet,
589 1151 661 1203 quae
676 1136 760 1191 etiam

115 1237 148 1273 ex
180 1214 270 1270 oculis
300 1229 353 1286 per
385 1219 521 1270 somnum
548 1219 760 1294 ‘subapparenb

42 1341 46 1346 -
112 1306 225 1362 Etenim
238 1305 261 1358 si
274 1301 344 1375 quid
361 1319 392 1356 ex
407 1301 483 1369 albo,
497 1321 557 1360 non
572 1318 666 1363 exacte
678 1328 759 1366 com·
830 1363 832 1368 ,

113 1396 204 1452 missis
226 1390 386 1468 palpebris,
422 1391 631 1470 subappareat,
666 1416 759 1474 neque

112 1486 143 1541 id
161 1504 194 1540 ex
214 1483 271 1539 alvi
290 1479 452 1555 profluvio,
477 1492 527 1536 aut
547 1484 665 1568 potione
682 1507 758 1564 pur-

111 1583 197 1649 gante
211 1572 370 1642 contingat,
391 1589 517 1644 pravum
531 1572 645 1648 signum
665 1585 713 1648 est,
731 1590 759 1634 et

111 1663 215 1721 lethale
228 1660 393 1718 admodum.
601 1720 604 1728 k
725 1715 728 1722 A

163 1757 205 1809 55.
223 1749 331 1806 Deliria
353 1769 426 1824 quae
445 1769 512 1806 cum
531 1753 689 1830 risuliani,
705 1768 755 1813 tu-

108 1845 198 1899 tiora:
218 1851 246 1896 at
260 1857 331 1912 quae
346 1842 434 1906 serlo,
454 1842 669 1914 periculosiora.

163 1935 207 1990 54.
232 1928 264 1982 ln
284 1929 394 1986 morbis
413 1933 502 1984 aciatis
522 1932 572 2004 qui
593 1950 659 1988 curn
679 1932 757 1989 febre

108 2029 194 2083 sunt,
212 2015 405 2089 gemebundae
417 2020 602 2090 spirationes,
621 2021 721 2077 malae.

163 2111 206 2163 55.
224 2104 374 2177 Podagrici
386 2107 481 2160 morbi
495 2117 522 2161 et
533 2106 672 2176 insaniae,
691 2127 756 2164 vere

108 2209 139 2254 et
154 2205 294 2250 autumno
316 2205 480 2254 moventur.

163 2287 206 2341 55.
229 2281 403 2337 Morborum
429 2285 700 2341 melancholicornm
720 2289 755 2342 ad

108 2377 179 2429 baec
192 2371 345 2446 periculosi
364 2373 524 2428 decubitus:
551 2385 600 2427 aut
619 2377 755 2448 paraple-

109 2466 201 2536 giam,
228 2471 278 2516 aut
295 2459 524 2526 convulsionem,
550 2472 599 2516 aot
620 2466 755 2533 maniam,

109 2562 160 2608 aut
173 2550 335 2605 coecitatem
346 2547 525 2604 denuntiant.

160 2646 205 2713 55.
227 2641 266 2694 Αῑ
273 2637 437 2711 apoplexiae
444 2639 615 2710 contingunt
627 2641 757 2708 maxime,
