1938 3262
260 381 429 432 sncrro
457 381 660 443 Quanrs.
739 359 784 440 51,

137 515 295 588 censueris,
325 538 460 578 somnum
489 523 657 602 conciliato,
690 543 784 600 neque

135 619 260 665 moveto.
308 617 310 621 ’

171 702 216 754 16.-
231 699 416 756 Veratrum‘'
397 722 431 757 us
444 704 494 776 qui
506 723 576 760 sano
588 715 655 759 sunt
674 725 783 809 corpo-

132 806 165 842 re
181 781 390 861 periculosum,
420 796 619 850 convulsiones
640 797 715 852 enim
732 797 781 851 in-

133 877 220 934 ducit.

168 986 209 1038 17.
226 967 292 1023 Non
304 969 477 1026 febricitanti
493 973 634 1047 appetitus
650 973 782 1044 dejectus,

119 1058 387 1138 *etorisuventrieuli
407 1078 535 1129 morsus,
557 1073 584 1116 et
606 1062 782 1118 tenebricosa

130 1143 256 1221 vertigo,
275 1159 303 1204 et
316 1167 347 1204 os
359 1168 550 1220 amarescens,
570 1169 685 1206 sursum
702 1167 780 1224 pur·
824 1143 827 1152 ’

131 1247 214 1308 gente
228 1256 301 1311 opus
320 1257 377 1294 esse
388 1239 528 1298 indicant.

169 1330 209 1384 18.
226 1317 348 1382 Dolores
372 1326 462 1402 supra
486 1341 598 1404 septum
627 1341 779 1386 transver-

129 1434 210 1484 sum,
238 1417 441 1490 purgationem
463 1438 592 1488 sursum,
632 1408 683 1492 qui
708 1435 778 1475 vero

128 1505 222 1574 insta,
240 1507 375 1563 deorsum
387 1509 551 1581 requirunt.
636 1571 638 1576 ,
664 1565 666 1570 ,
727 1542 731 1554 =

164 1617 205 1669 ¹9·
225 1598 283 1669 Qui
299 1598 331 1652 in
350 1597 624 1654 medicamentorum
645 1596 776 1671 potioni-

125 1686 195 1753 bus,
214 1706 279 1741 curn
291 1697 469 1760 purgantur,
483 1706 543 1742 non
555 1687 665 1755 sitiunt,
682 1686 777 1740 iinon
853 1677 854 1682 ¹

87 1835 90 1844 ¹
134 1775 267 1838 desinunt
278 1778 448 1851 priusquam
462 1777 612 1854 sitiverint.

117 1862 119 1866 ’
159 1885 203 1921 20.
223 1866 254 1923 Si
266 1866 392 1921 tormina
405 1865 560 1936 adfuerint,
579 1882 639 1919 non
657 1858 776 1918 tetrici-

123 1954 212 2022 tanti,
231 1964 257 2008 ot
269 1973 395 2027 genuum
407 1958 545 2028 gravitas,
563 1965 590 2009 et
605 1951 775 2007 lumborum

124 2043 209 2098 dolor
215 2033 224 2111 ,’
241 2043 374 2100 deorsum
386 2046 568 2122 purgatione
577 2060 650 2116 opus
663 2057 720 2094 esse
732 2037 775 2091 si-

121 2133 269 2206 gnificant.
679 2139 684 2152 ·
722 2120 724 2124 ’

155 2243 198 2280 21.
217 2223 321 2297 Nigrae
341 2211 524 2295 dejectiones,
548 2216 640 2296 qualis
658 2216 773 2290 sanguis

121 2312 218 2384 niger,
237 2324 338 2386 sponte
356 2316 545 2389 prodeuntes,
565 2322 670 2366 etcum
683 2306 772 2374 febre,

122 2409 150 2457 et
163 2400 235 2456 citra
247 2402 371 2471 febrem,
389 2405 540 2478 pessimae:
558 2412 586 2456 et
597 2418 656 2474 qno
667 2397 772 2472 [plures

119 2489 232 2546 colores
244 2492 434 2563 dejectionum
446 2491 657 2569 praenituerim,
670 2508 702 2545 eo
716 2507 772 2564 po·

91 2579 173 2650 ‘jus
212 2579 461 2666 &medicamento
483 2593 577 2638 autem
593 2580 708 2646 melius,
733 2585 771 2650 et,
812 2625 850 2655 Η

116 2678 228 2742 quanto
240 2669 339 2743 piures
351 2669 459 2724 colores
469 2671 593 2738 fuerint,
604 2687 666 2725 non
677 2668 771 2744 pravi·
789 2735 791 2739 ‚

773 2748 813 2772 „.‚.

547 2769 606 2826 Cn
