1938 3262
233 370 400 421 suerro
425 372 658 424 susurrum·
728 375 774 442 27

125 522 230 581 autem,
244 512 412 568 melioribus
423 515 550 587 quidem,
565 517 612 571 sed
627 516 776 583 insuaviu-

123 602 214 669 ribus‚
233 604 450 676 praeferendus·

157 703 202 772 59.
222 703 262 755 Ut
273 701 434 774 'plurimum
443 705 559 777 quidem
572 723 649 759 senes
660 702 775 774 juveni-

122 787 178 842 bus
191 802 340 861 aegrotaut
352 795 460 848 minus:
482 805 519 861 at,
536 795 585 866 qui
598 793 667 867 ipsis
680 792 774 846 morbi

123 877 253 933 diuturni
266 879 450 957 continguut‚
470 901 517 938 cos
528 883 586 937 fere
604 883 639 937 ad
650 891 775 936 mortem

122 971 254 1026 comitari
267 972 369 1026 solent.

155 1075 199 1125 40.
218 1070 392 1126 Raucedines
406 1083 432 1126 ct
445 1072 611 1144 gravedines
628 1072 660 1125 in
674 1070 773 1134 decre·
797 1077 800 1084 '

119 1159 191 1232 pitis
199 1177 258 1214 non
272 1172 449 1234 coquuntur.
757 1171 760 1178 ’

156 1262 200 1314 4ι.
220 1260 278 1330 Qui
310 1263 411 1316 crebro
437 1273 465 1316 et
494 1261 674 1316 veliementer
703 1257 775 1312 citra

120 1348 300 1404 manifestam
319 1369 433 1410 causam
447 1354 542 1408 anima
556 1349 704 1416 deficiunt,
723 1364 773 1400 re-

119 1447 206 1509 pente
217 1439 398 1500 moriuntur,

154 1544 199 1595 42.
218 1541 320 1596 Valida
340 1543 491 1616 apoplexia
508 1560 634 1617 prorsus
645 1556 706 1595 non
723 1555 771 1592 sa-

120 1639 223 1696 natur,
242 1631 311 1686 levis
331 1631 453 1698 difficile.

154 1733 199 1785 43.
218 1731 260 1784 Ex
278 1732 463 1804 strangulatis
483 1741 509 1786 et
525 1728 683 1795 dissolutis,
701 1745 770 1781 nec-

121 1819 190 1872 dum
203 1829 299 1874 tamen
312 1822 450 1889 mortuis,
467 1823 488 1874 ii
501 1840 561 1875 non
574 1820 609 1874 ad
621 1820 710 1872 vitam
722 1834 770 1868 rc-

121 1908 226 1974 deuut‚
246 1910 351 1982 quibus
363 1929 466 1984 spuma
479 1912 554 1964 circa
565 1928 597 1962 os
608 1907 704 1962 fuerit.
749 1965 751 1970 ,

155 2010 199 2062 44.
217 2007 327 2064 Natura
348 2011 506 2066 admodum,
529 2008 630 2074 crassi,
655 2004 773 2058 celerius

118 2095 266 2150 intereunt
277 2116 365 2169 quam
378 2100 511 2173 graciles..

157 2199 207 2252 45.
221 2198 263 2250 Ex
276 2199 482 2265 comitialibus,
499 2201 615 2269 juvenes
633 2191 772 2248 mutatio·
866 2258 868 2263 ,

118 2303 156 2338 ne
173 2287 352 2358 potissimum
377 2287 488 2354 aetatis,
514 2296 541 2340 et
563 2292 771 2364 tempestatum,

119 2383 147 2427 et
158 2375 326 2446 regionum,
343 2386 371 2431 et
383 2377 529 2444 victuum,
546 2375 715 2430 liberantur.

152 2498 197 2552 46.
216 2497 338 2552 Duobus
368 2496 516 2551 doloribus
544 2497 629 2552 simul
647 2482 774 2562 'obortis

118 2600 180 2637 nou
193 2584 223 2637 in
237 2585 335 2640 eodem
348 2585 427 2654 loco,
445 2584 635 2641 veliementior
648 2585 770 2639 alterum

118 2673 264 2731 obscurat.

546 2765 604 2818 Ba
