1948 3266
154 305 157 310 '
239 302 406 368 suerro
439 320 656 384 suerrus.
707 313 774 381 115

175 461 218 516 23.
237 459 278 514 Ex
294 460 404 516 sincera
417 462 586 531 deiectione,
606 466 774 538 dysenteria.

176 553 218 605 24.
233 550 275 602 Ex
288 566 349 603 osse
372 553 471 626 capitis
491 543 618 626 persecto
630 557 774 628 delirium,

124 649 176 694 aut
189 649 301 722 stupor,
314 639 336 694 si
350 640 386 696 ad
399 660 523 698 vacuum
538 661 628 716 usque
638 658 775 720 penetra-

127 729 207 782 verit.

175 823 217 876 25.
236 818 277 872 Ex
297 815 496 874 medicamenti
514 820 632 893 potione
651 823 774 882 convul-

124 907 184 974 sio,
205 905 326 962 lethalis.

176 997 218 1051 26.
238 995 279 1050 Ex
295 994 453 1051 vehementi
467 998 595 1071 partium
613 999 688 1056 circa
702 1019 776 1056 rcu-

95 1072 98 1076 ’
125 1093 201 1138 trem
217 1082 325 1149 dolore,
344 1094 539 1142 extremorum
554 1089 644 1162 frigus
658 1089 776 1148 malum.

176 1193 220 1245 27·
250 1173 290 1228 Os
316 1175 526 1252 quodcunque,
559 1176 604 1231 rel
628 1178 776 1252 cartilago,

127 1261 172 1316 vel
196 1280 303 1317 nervus
322 1263 351 1317 in
374 1283 497 1338 corpore
522 1265 667 1340 praecisus
683 1266 776 1334 suerit,

126 1370 186 1406 non
199 1351 229 1405 in
245 1351 388 1423 integrum
411 1355 587 1418 restituitur,
613 1372 706 1428 neque
720 1373 775 1408 au-

127 1448 225 1510 getur,
243 1457 336 1512 neque
357 1442 391 1496 de
410 1461 487 1498 noro
502 1442 611 1499 crescit.

176 1533 217 1584 28.
236 1527 502 1604 Letrcophlegmatia
520 1532 632 1587 detento
652 1530 675 1586 si
688 1530 773 1587 reho-

125 1635 204 1673 meus
216 1617 366 1674 diarrhoea
380 1621 518 1686 succedat,
534 1621 669 1677 morbum
682 1622 775 1678 solvit.

177 1727 220 1780 29.
242 1706 355 1778 Quibus
374 1727 427 1781 per
443 1708 499 1763 alvi
518 1711 673 1782 prolluvia,
700 1717 772 1784 spu-

124 1815 206 1852 mosa
220 1805 288 1851 sunt
302 1795 358 1854 alvi
374 1809 568 1869 excrementa,
592 1800 626 1856 iis
639 1818 671 1855 ex
686 1801 775 1876 capite
867 1833 869 1836 ·

127 1885 268 1942 defluunt.
336 1889 339 1896 '

134 2023 139 2032 .
177 1978 220 2030 30.
238 1974 352 2046 Quibus
363 1996 416 2051 per
424 1977 516 2033 febres
528 1977 681 2032 sedimento
695 1993 774 2032 cras-

126 2064 197 2118 siori
209 2063 318 2119 farinae
330 2065 432 2120 similia
446 2068 475 2120 iu
490 2067 582 2119 urinis
596 2067 776 2139 contingunt,

126 2155 242 2227 longam
264 2155 470 2228 aegritudinem
494 2155 674 2209 denuntiant.

178 2248 221 2300 δι.
252 2243 366 2315 Quibus
398 2245 500 2300 biliosa
522 2245 679 2300 sedimcuta
701 2253 776 2308 suut,

127 2350 200 2406 quae
218 2332 254 2388 ab
278 2333 359 2387 initio
387 2335 501 2407 quidem
530 2334 627 2388 tenuia
649 2332 776 2401 luerunt,

128 2433 244 2478 acutum
259 2423 396 2478 morbum
408 2423 579 2496 significant.

176 2517 220 2568 52.
239 2513 352 2584 Quibus
365 2513 528 2586 inaequales
537 2511 605 2568 sunl
618 2514 727 2582 urinae,
742 2514 776 2568 iis

123 2599 275 2660 vehemens
284 2612 325 2658 est
339 2602 505 2674 incorpore
518 2601 707 2678 perturbatio.
