1938 3262
273 435 447 483 sucuro
477 439 677 497 Qusara.
747 429 789 495 61
856 443 859 448 ·

143 575 215 663 quid
243 574 349 630 borum
379 581 518 647 evenerit,
559 582 590 635 in
625 587 793 660 propinquo

143 684 223 723 mors
242 675 292 721 est.

105 745 111 750 ⁸
178 761 221 812 50.
241 756 298 811 Ubi
311 757 340 810 in
352 758 429 813 febre
441 778 501 814 nou
514 762 717 818 intermitteute
730 765 787 820 dis-

141 845 254 900 ficultas
278 848 407 920 spirandi
431 868 498 905 cum
522 852 623 907 delirio
642 856 791 928 contingit,

141 934 253 991 lethale.
328 963 329 974 π
422 963 424 970 ·

177 1031 220 1082 5ι.
239 1025 273 1078 ln
288 1023 416 1081 febribus
434 1029 592 1096 abscessus,
612 1030 666 1084 nisi
686 1030 788 1103 primis

141 1116 363 1187 judicationibus
381 1117 547 1186 solvantur,
575 1120 672 1174 morbi
690 1120 787 1193 longi-

138 1205 268 1260 tudinem
280 1206 452 1279 significant.

174 1322 217 1373 52.
235 1316 349 1388 Quibus
362 1320 391 1372 in
403 1318 546 1383 febribus,
566 1331 617 1374 aut
630 1321 691 1377 aliis
703 1339 786 1375 mor-

138 1406 184 1460 bis
196 1405 271 1460 oculi
287 1426 319 1461 ex
332 1407 478 1464 voluntate
491 1409 719 1483 illacrymantur,
737 1411 786 1464 ni-

139 1495 181 1550 bil
194 1496 317 1551 insolens
335 1508 384 1552 est.
420 1498 579 1571 atquibus
596 1514 712 1575 praeter
723 1519 785 1556 *vo-

141 1585 297 1654 luntatem‚
316 1586 505 1661 periculosius
517 1600 565 1646 est.

174 1703 217 1756 53.
236 1699 349 1772 Quibus
361 1718 414 1772 per
420 1701 510 1756 febres
525 1703 664 1758 addentes
676 1703 785 1758 viscosa

137 1789 414 1857 circumnascautur,
432 1792 465 1846 iis
479 1792 701 1850 vehementiores
713 1791 788 1846 fiunt

137 1881 239 1938 febres.

174 1976 217 2028 54.
236 1971 349 2044 Quibus
365 1972 414 2026 diu
432 1981 521 2027 tusses
537 1972 639 2038 siccae,
664 1971 786 2046 paullu-

136 2059 200 2114 lum
218 2061 376 2128 irritautes,
407 2064 438 2117 iu
456 2063 583 2117 febribus
607 2061 783 2140 ardentibus,

136 2146 215 2204 haud
227 2150 381 2210 admodum
394 2153 531 2210 siticulosi
544 2162 620 2208 sunt.

172 2265 216 2317 55.
233 2261 275 2316 Ex
287 2262 453 2321 bubonibus
466 2264 559 2319 febres
572 2279 671 2318 omues
683 2261 785 2334 malos,

136 2346 251 2428 praeter
262 2351 377 2412 diarias:

170 2464 214 2519 56.
231 2463 415 2522 febricitanti
427 2469 450 2523 si
463 2468 551 2525 sudor
563 2467 717 2540 contingat,
731 2463 778 2520 fe·

131 2549 188 2607 bre
200 2569 260 2606 nou
272 2553 432 2624 deficiente,
451 2559 569 2614 malum.
599 2559 779 2630 Prorogatur

134 2641 213 2697 euim
231 2643 367 2718 morbus,
384 2658 412 2704 et
426 2649 549 2707 multam
567 2645 780 2722 significatius

135 2730 305 2791 miditatem.
