1938 3262
232 435 235 442 A
272 351 433 439 sucuro
469 385 670 450 Quinum
740 370 788 458 57

98 523 103 532 ’
139 531 279 608 judicent.
300 531 358 603 Qui
370 549 438 585 vero
452 530 535 585 aliter
548 531 728 603 contingunt,
743 529 789 584 vel

140 633 280 687 mortem,
299 621 343 676 vel
362 620 490 686 dolores,
515 620 561 678 vel
581 620 674 676 morbi
693 619 789 693 longi-

139 714 286 780 tudinem,
305 710 350 766 vel
363 711 501 765 recidivas
515 709 685 782 significant.

174 807 218 873 57.
237 802 361 857 Sudoree
380 800 476 872 frigidi
497 819 563 855 cum
581 800 660 854 febre
672 800 788 874 quidem

141 900 224 944 acula
240 890 350 957 oborti,
369 901 507 953 mortem,
526 908 593 945 cum
609 890 717 944 mitiori
730 909 785 946 eu-

139 991 214 1045 tem,
239 980 333 1034 morbi
345 980 554 1053 longitudinem
567 977 736 1050 significant.

173 1074 216 1124 58.
235 1070 300 1141 Qua
312 1082 395 1144 parte
409 1070 541 1143 corporis
553 1067 642 1123 sudor
654 1069 735 1136 inest,
748 1067 789 1124 ibi

141 1159 276 1216 morbum
291 1179 348 1213 esse
361 1161 476 1224 indicat.

172 1253 217 1322 59.
236 1251 274 1304 Et·
289 1267 346 1322 qua
366 1250 498 1323 corporis
518 1257 601 1321 perte
614 1246 693 1302 calor
707 1246 789 1316 inest,

140 1350 192 1394 ant
203 1340 308 1414 frigus,
329 1339 369 1393 ibi
384 1338 568 1396 morbusest.

126 1432 134 1441 '
173 1434 217 1485 40.
239 1430 295 1484 Ubi
308 1441 369 1484 toto
384 1445 507 1501 corpore
527 1427 700 1482 mutationes
712 1443 787 1482 con·

138 1521 270 1593 tingunt,
289 1530 316 1574 et
331 1537 437 1592 corpus
455 1517 593 1591 frigescit,
612 1533 788 1590 rursumque

139 1597 241 1677 calefit,
259 1609 304 1663 vel
317 1609 443 1664 colorem
457 1609 544 1663 alium
557 1609 593 1662 ab
608 1608 664 1662 alio
677 1606 787 1678 recipit,

139 1701 236 1756 morbi
250 1700 458 1772 longitudinem
471 1697 621 1771 significat.

175 1797 219 1847 41.
229 1791 325 1846 Sudor
339 1789 447 1844 multus
461 1807 477 1842 a
491 1805 592 1842 somno
606 1787 678 1841 citra
690 1783 786 1840 mani-

137 1882 240 1936 festam
253 1899 368 1936 causam
375 1879 504 1942 obortus,
512 1895 619 1950 corpus
626 1876 788 1948 copiosiore

55 1991 58 1994 ·
140 1971 185 2023 uti
197 1969 260 2024 cibo
275 1968 425 2042 significat.
462 1968 550 2037 Quod
569 1966 592 2020 si
611 1975 727 2038 aegroto
744 1963 788 2018 ci-

139 2058 212 2112 bum
229 2076 289 2111 non
306 2059 430 2132 capienti
445 2057 524 2110 istud
538 2057 701 2127 conlingat,
720 2069 790 2107 eve-

140 2148 273 2201 cuatione
286 2166 359 2220 opus
373 2167 430 2201 esse
442 2147 558 2200 indicat.

177 2241 221 2290 42.
228 2236 324 2290 Sudor
331 2239 472 2310 copiosus,
482 2236 568 2300 modo
575 2233 691 2296 calidus,
702 2229 789 2286 modo

139 2325 261 2398 {rigidus
275 2326 384 2381 assidue
395 2327 496 2389 fluens,
509 2325 629 2398 frigidus
640 2324 789 2392 majorem,

141 2415 249 2471 calidus
261 2417 404 2471 minorem
417 2417 554 2472 morbum
568 2417 718 2488 significat.

176 2511 221 2564 43.
239 2506 343 2561 Febreu
355 2525 543 2580 quaecunque
562 2524 621 2561 non
642 2503 789 2561 intermit-

140 2607 231 2652 tentes
248 2597 334 2650 tertio
356 2596 400 2650 die
419 2595 641 2652 vehementiores
659 2595 789 2650 reddun-

143 2697 209 2757 tur,
229 2688 458 2763 periculosiores.
494 2689 676 2760 Quocunque
695 2691 790 2739 autem
