1938 3262
264 317 429 368 suerro
456 300 615 368 rurus}
741 325 762 390 7

144 471 171 523 5.
194 463 229 517 In
246 461 327 518 tenui
344 459 436 512 victus
458 459 570 512 ratione
593 457 764 534 delinquunt
837 469 841 482 ¹

104 555 206 627 regri,
224 552 262 607 ob
275 549 353 623 quod
365 551 455 622 magis
467 550 631 607 laeduntur.
665 551 760 622 Quid-

108 643 183 718 quid
202 643 277 697 enim
297 639 452 711 contingit,
483 641 599 712 gravius
618 639 662 695 bis
681 640 714 696 fit
731 643 763 700 in

108 734 202 800 tenui,
215 750 303 804 quam
315 729 345 781 in
357 728 444 800 paulo
457 729 588 800 pleniore
598 730 687 788 victu.
712 732 762 788 ld-

110 820 190 874 circo
203 817 288 870 etium
306 816 381 869 sanis
393 817 554 888 periculosa
566 829 607 874 est
624 819 706 876 vaide
717 833 762 877 te-

111 908 246 973 nuisset
263 915 340 960 certo
358 907 552 982 praescripta,
575 926 609 962 ac
626 912 765 982 exquisita

111 997 206 1050 victus
218 995 308 1060 ratio,
327 994 465 1066 quoniam
478 1002 574 1048 errata
591 999 705 1067 gravius
719 1001 763 1054 ie.

111 1090 193 1136 runt.
232 1081 304 1134 Eam
322 1079 412 1154 igitur
429 1082 467 1136 ob
483 1101 599 1138 causam
622 1088 715 1140 tenuis
740 1101 768 1145 et

111 1168 268 1241 exquisitus
280 1170 373 1226 victus
389 1169 479 1244 paulo
494 1170 625 1244 pleniore
643 1177 767 1234 maxima

113 1277 147 1313 ex
159 1267 242 1331 parte
252 1258 442 1331 periculosior
455 1269 506 1332 est.

148 1352 175 1405 6.
199 1348 245 1402 Ad
266 1366 394 1404 summos
418 1349 553 1419 morbos,
579 1349 707 1410 summae
730 1359 765 1414 ad

112 1427 241 1512 unguem
255 1437 397 1494 adhibitae
414 1440 576 1498 curationes
592 1445 700 1518 optime
711 1469 764 1504 m-

112 1531 184 1586 lent.

149 1641 177 1692 7,
191 1619 265 1676 Cum
276 1635 344 1694 ergo
353 1597 474 1678 morbus
484 1633 527 1679 est
538 1635 701 1698 peracutus,
713 1647 764 1684 ex.

114 1722 223 1766 tremos
239 1711 374 1783 protinus
392 1712 503 1767 obtinet
519 1712 646 1782 labores,
670 1727 697 1772 et
714 1737 765 1773 ex-

115 1811 206 1854 treme
217 1799 383 1854 tenuissima
400 1803 492 1856 victus
510 1802 622 1858 ratione
636 1823 768 1863 necessa·
847 1833 860 1852 ⁴
957 1821 958 1828 ’

116 1891 162 1944 rio
176 1888 325 1944 utendum.
369 1889 444 1945 Cum
463 1910 532 1946 vero
553 1910 613 1946 non
634 1905 689 1964 est,
719 1900 766 1954 sed
815 1911 817 1920 ⁴

116 1978 277 2051 pieniorem
289 1979 398 2033 victum
416 1979 521 2036 habere
539 2000 702 2047 concessum
719 1999 768 2057 est,

115 2079 176 2122 tum
193 2086 211 2121 a
228 2069 307 2122 tenui
325 2069 403 2122 victu
422 2087 452 2122 se
470 2068 629 2124 subducere
646 2084 770 2144 oportet,

117 2167 262 2230 quantum
271 2157 392 2211 morbus
405 2157 441 2212 ab
453 2157 585 2210 extremis
599 2163 752 2217 recesserit.

153 2250 181 2300 8.
200 2243 274 2300 Cum
285 2246 405 2300 morbus
422 2247 454 2300 in
472 2246 571 2318 vigore
584 2247 688 2320 ‘iuerit,
707 2262 770 2312 tum

119 2334 164 2390 vei
183 2337 349 2390 tenuissimo
362 2336 440 2389 victu
453 2335 497 2388 uti
513 2353 624 2394 necesse
634 2351 685 2398 est.

155 2445 180 2496 9.
194 2425 383 2479 Considerate
394 2424 479 2478 etiam
491 2433 605 2498 oportet
616 2437 771 2499 aegrotan-

120 2526 195 2582 tem,
213 2534 251 2569 an
262 2535 329 2569 eum
342 2531 375 2567 eo
390 2514 466 2567 victu
483 2513 605 2568 sufficiat
623 2515 659 2570 ad
675 2517 772 2573 morbi

125 2607 253 2676 vigorem
264 2621 365 2678 usque,
380 2619 418 2656 an
428 2621 489 2676 non
500 2603 583 2676 prius
594 2603 642 2659 ilie
654 2604 774 2674 deficiat,
844 2635 847 2643 Δ
