1938 3262
269 377 435 432 sno-mo
460 343 671 440 runcise
734 380 786 452 55
859 439 860 444 ,

129 522 185 576 iste
198 521 228 575 in
241 519 352 578 morbis
368 526 528 598 patiuntur.
563 531 614 585 Sin
634 537 781 607 aquilonis

130 612 232 680 suerit,
251 623 355 681 tusses,
376 616 501 672 saucium
519 609 696 694 asperitates,
722 631 780 688 alvi

131 700 235 769 durae,
272 704 372 758 urinae
406 703 599 774 difficultates,
634 710 779 790 horrores,

129 789 254 846 laterum
273 803 300 846 et
312 793 435 866 pectoris
454 793 566 849 dolores
584 794 668 858 fiunt.
704 806 777 866 Cum

28 916 31 920 -
129 881 170 936 sic
182 877 350 948 invaluerit,
366 882 436 937 talia
448 895 604 956 expectato.

164 975 189 1025 6.
210 957 284 1027 Cum
302 981 390 1028 aestas
413 973 474 1026 veri
498 974 596 1028 similis
619 977 720 1050 fuerit',
747 985 778 1041 in

128 1058 257 1115 febribus
269 1062 399 1134 copiosos
411 1061 528 1115 sudores
541 1076 665 1136 expects.
784 1121 791 1140 x

164 1171 190 1222 7.
208 1151 263 1206 Per
279 1152 416 1206 siccitates
433 1151 524 1204 febres
537 1163 634 1208 acutae
645 1155 732 1230 fiunt5
752 1173 781 1219 et

127 1241 268 1312 siquidem
281 1259 373 1294 annus
386 1259 490 1312 magua
503 1259 535 1294 ex
550 1254 632 1314 parte
649 1248 712 1305 talis
727 1269 778 1320 eis.

126 1331 229 1397 titerit‚
257 1331 371 1403 qualem
395 1332 627 1392 constitutionem
646 1337 778 1410 effecerit,

126 1429 159 1472 ut
181 1419 341 1492 plurimum
365 1419 434 1474 tales
452 1421 536 1476 etiam
553 1424 671 1480 morbos
688 1447 776 1503 expe-

124 1519 202 1563 ctare
213 1519 338 1581 oportet.

160 1602 187 1653 8.
208 1597 242 1650 ln
256 1595 451 1650 constantibus
457 1602 650 1671 temporibus,
662 1607 687 1660 si
698 1617 782 1666 tem-v

124 1687 233 1761 pestive
249 1686 415 1758 tempestiva
426 1687 595 1758 redduntur,
616 1705 776 1762 constantes

126 1789 153 1832 et
163 1777 290 1849 judicatu
301 1775 394 1830 faciles
408 1773 481 1828 fiunt
499 1780 608 1834 morbi:
626 1783 657 1835 in
669 1785 783 1846 incon-¹

124 1865 264 1920 stantibus
282 1875 377 1921 autem
399 1865 590 1920 inconstantes
607 1878 634 1921 et
645 1869 774 1925 difficiles

121 1955 257 2026 judicatu.

144 2034 258 2115 ‘9.,Per
286 2056 458 2101 autumnum
491 2045 588 2100 morbi
611 2046 784 2116 acutissimi,¹
846 2049 848 2054 “

124 2143 151 2188 et
162 2132 348 2190 exitiosissimi
360 2131 489 2191 omuino.
515 2135 573 2187 Ver
586 2145 681 2190 autem
692 2125 785 2194 solu-.¹

123 2222 297 2294 homimum,
316 2235 343 2279 ot
351 2218 471 2282 minime
484 2222 603 2280 exitiale.

159 2333 201 2367 ιο.
219 2313 384 2368 Autumnus
395 2314 498 2368 tabidis
511 2312 613 2369 malus.

156 2432 197 2466 ιι.
209 2413 296 2482 Quod
305 2413 440 2470 autemad
448 2414 784 2492 annitempestatesatth

121 2509 179 2566 net,
191 2501 337 2572 siquidem
349 2500 446 2572 hyems
457 2504 529 2558 sicca
537 2504 780 2578 eremitorium-t

120 2591 183 2655 erit,
190 2609 240 2645 ver
247 2591 625 2666 autemassiduepluviosum
632 2603 657 2646 et
665 2592 773 2648 austri-

120 2692 207 2764 num,
229 2676 448 2752 febresacutos,
471 2693 499 2738 et
515 2680 722 2757 ophthalmias,
742 2690 779 2764 ,ιι
