1938 3262
241 403 242 406 ,
308 366 661 423 spermatum.
769 365 812 432 15

192 527 233 579 ¹7·
254 494 435 578 Quibusdam
452 513 536 568 semel
560 527 608 570 aut
626 517 684 588 bis,
710 531 737 576 et
751 523 813 578 aliis

150 597 301 669 eopiosior
315 609 364 652 aut
376 601 513 672 paucior,
533 614 583 657 aut
597 626 649 680 per
660 621 755 682 partes
769 615 813 667 ci·-

151 687 207 740 bus
235 685 399 744 offerendus
424 702 478 746 est.
521 693 640 768 Aliquid
666 710 760 756 autem
786 713 814 780 et
858 697 865 718 ⁸

152 777 296 848 tempori,
315 788 343 832 et
357 781 477 853 regioni,
496 793 523 837 et
535 777 628 854 aetati,¹
648 798 675 842 et
688 807 811 846 consue·
841 856 846 866 ,

151 865 246 919 tudini
260 868 484 927 concedendum.

189 961 231 1012 18.
250 957 364 1012 Aestate
377 969 402 1013 et
416 970 557 1015 autumno
579 965 656 1018 eibos
673 971 809 1039 gravissi-

149 1063 196 1100 me
208 1046 320 1101 ferunt:
340 1047 440 1121 hyeme
453 1051 601 1106 facillime:
622 1054 721 1110 deinde
733 1077 809 1115 vere.

187 1156 229 1207 19.
263 1137 376 1208 Quibus
401 1158 454 1213 per
479 1141 614 1194 circuitus
639 1148 810 1204 accessiones

149 1227 332 1298 contingunt,
352 1225 424 1280 nihil
438 1228 515 1296 dato,
534 1249 626 1303 neque
641 1235 744 1306 cogito,
761 1235 812 1289 sed

145 1313 185 1376 de
198 1314 267 1368 cibis
281 1326 347 1370 ante
360 1318 548 1388 judicationes
562 1320 712 1378 detrahit0.
766 1313 768 1317 ’

86 1399 94 1416 ’
183 1426 228 1461 20.
247 1405 328 1476 Quae
339 1407 521 1478 judicantur,
541 1421 591 1464 aut
602 1412 727 1484 judicata
740 1424 807 1468 sunt

147 1494 286 1568 perfecte,
306 1515 339 1550 ea
350 1515 444 1571 neque
458 1510 588 1568 moveto,
607 1521 699 1575 neque
711 1504 804 1559 medi-

147 1585 299 1651 camentis,
319 1583 412 1660 neque
432 1588 493 1643 aliis
508 1589 694 1648 irritamentis
715 1592 805 1647 inno·
852 1663 855 1670 ¹

146 1684 230 1743 vate,
256 1675 304 1729 sed
318 1677 412 1732 sinito.

182 1785 225 1820 21.
251 1764 332 1835 Quae
345 1765 463 1824 educere
482 1781 611 1844 oportet,
637 1789 695 1843 quo
708 1772 803 1826 maxi-

145 1872 192 1908 me
211 1855 303 1926 vergit
323 1867 442 1928 natura,
468 1878 501 1914 eo
524 1862 636 1929 ducito,
665 1880 718 1934 per
739 1862 803 1917 loca

146 1945 357 2006 convenientia.

180 2053 224 2088 22.
246 2032 334 2089 Cocta
344 2037 550 2092 medicamento
564 2038 682 2093 educere
695 2048 722 2092 et
733 2057 801 2093 mo-

144 2140 212 2177 vere
227 2133 359 2198 oportet,
378 2129 502 2195 minime
512 2129 615 2192 cruda,
640 2145 732 2199 neque
749 2145 801 2200 per

143 2210 241 2280 initia,
260 2214 316 2267 nisi
326 2223 475 2289 turgeant,
501 2216 579 2288 quod
595 2214 653 2269 sere
670 2232 731 2269 non
750 2234 801 2284 ae-¹

144 2299 223 2355 cidit.
591 2352 593 2356 .

178 2391 222 2443 23.
240 2389 322 2462 Quae
335 2393 481 2464 prodeunt
490 2394 572 2468 copia
584 2398 702 2453 minime
713 2399 801 2453 acati-⁴

142 2475 265 2544 manda,
285 2477 333 2532 sed
346 2491 378 2534 ut
391 2483 487 2555 qualia
503 2487 630 2558 expedit,
649 2488 800 2561 prodeant,

142 2575 170 2621 et
191 2584 274 2639 aeger
289 2567 371 2622 facile
387 2570 469 2628 serat.
504 2575 599 2647 Atque
611 2572 663 2630 ubi
683 2577 718 2630 ad
732 2577 798 2630 ani-

141 2656 183 2712 tni
209 2656 394 2732 defectionem
419 2680 510 2737 usque
534 2665 652 2722 educere
674 2675 798 2740 oportet,

702 2795 717 2824 V
