<?xml version="1.0" encoding="UTF-8"?>
<!DOCTYPE html PUBLIC "-//W3C//DTD XHTML 1.0 Transitional//EN"
    "http://www.w3.org/TR/xhtml1/DTD/xhtml1-transitional.dtd">
<html xmlns="http://www.w3.org/1999/xhtml" xml:lang="en" lang="en">
 <head>
  <title>
</title>
<meta http-equiv="Content-Type" content="text/html;charset=utf-8" />
  <meta name='ocr-system' content='tesseract 3.04.00' />
  <meta name='ocr-capabilities' content='ocr_page ocr_carea ocr_par ocr_line ocrx_word'/>
</head>
<body>
  <div class='ocr_page' id='page_1' title='image "./hippocratisapho01hippgoog_0015.png"; bbox 0 0 1938 3262; ppageno 0'>
   <div class='ocr_carea' id='block_1_1' title="bbox 251 335 757 404">
    <p class='ocr_par' dir='ltr' id='par_1_1' title="bbox 251 335 757 404">
     <span class='ocr_line' id='line_1_1' title="bbox 251 335 757 404; baseline 0.004 -4"><span class='ocrx_word' id='word_1_1' title='bbox 251 350 426 404; x_wconf 78' lang='lat' dir='ltr'><strong>sncr1o</strong></span> <span class='ocrx_word' id='word_1_2' title='bbox 457 351 612 402; x_wconf 73' lang='lat' dir='ltr'><strong>rmus.</strong></span> <span class='ocrx_word' id='word_1_3' title='bbox 730 335 757 402; x_wconf 78' lang='lat'><em>5</em></span> 
     </span>
    </p>
   </div>
   <div class='ocr_carea' id='block_1_2' title="bbox 30 492 848 2720">
    <p class='ocr_par' dir='ltr' id='par_1_2' title="bbox 97 492 754 640">
     <span class='ocr_line' id='line_1_2' title="bbox 100 492 754 567; baseline 0.002 -17"><span class='ocrx_word' id='word_1_4' title='bbox 100 496 218 550; x_wconf 85' lang='lat' dir='ltr'><strong>morbos</strong></span> <span class='ocrx_word' id='word_1_5' title='bbox 243 495 275 548; x_wconf 87' lang='lat' dir='ltr'><strong>in</strong></span> <span class='ocrx_word' id='word_1_6' title='bbox 297 493 404 567; x_wconf 86' lang='lat' dir='ltr'><strong>quibus</strong></span> <span class='ocrx_word' id='word_1_7' title='bbox 421 492 490 548; x_wconf 87' lang='lat' dir='ltr'><strong>haec</strong></span> <span class='ocrx_word' id='word_1_8' title='bbox 507 493 571 549; x_wconf 85' lang='lat' dir='ltr'><strong>fieri</strong></span> <span class='ocrx_word' id='word_1_9' title='bbox 593 496 754 564; x_wconf 82' lang='lat' dir='ltr'><strong>conveniat,</strong></span> 
     </span>
     <span class='ocr_line' id='line_1_3' title="bbox 97 589 727 640; baseline -0.003 0"><span class='ocrx_word' id='word_1_10' title='bbox 97 605 149 640; x_wconf 88' lang='lat' dir='ltr'><strong>nec</strong></span> <span class='ocrx_word' id='word_1_11' title='bbox 166 605 213 640; x_wconf 90' lang='lat' dir='ltr'><strong>ne.</strong></span> <span class='ocrx_word' id='word_1_12' title='bbox 722 589 727 604; x_wconf 55' lang='lat'><em>³</em></span> 
     </span>
    </p>

    <p class='ocr_par' dir='ltr' id='par_1_3' title="bbox 30 671 814 2183">
     <span class='ocr_line' id='line_1_4' title="bbox 133 671 801 759; baseline 0.001 -30"><span class='ocrx_word' id='word_1_13' title='bbox 133 679 165 759; x_wconf 58' lang='lat' dir='ltr'><strong>5·ae</strong></span> <span class='ocrx_word' id='word_1_14' title='bbox 191 677 274 728; x_wconf 83' lang='lat' dir='ltr'><strong>Bona</strong></span> <span class='ocrx_word' id='word_1_15' title='bbox 305 671 521 728; x_wconf 83' lang='lat' dir='ltr'><strong>exercitantium</strong></span> <span class='ocrx_word' id='word_1_16' title='bbox 550 672 686 728; x_wconf 75' lang='lat' dir='ltr'><strong>valetudo</strong></span> <span class='ocrx_word' id='word_1_17' title='bbox 717 674 754 730; x_wconf 89' lang='lat' dir='ltr'><strong>ad</strong></span> <span class='ocrx_word' id='word_1_18' title='bbox 796 693 801 704; x_wconf 89' lang='lat'><strong>·</strong></span> 
     </span>
     <span class='ocr_line' id='line_1_5' title="bbox 95 763 754 838; baseline -0.008 -14"><span class='ocrx_word' id='word_1_19' title='bbox 95 785 245 824; x_wconf 89' lang='lat' dir='ltr'><strong>summum</strong></span> <span class='ocrx_word' id='word_1_20' title='bbox 258 781 419 836; x_wconf 79' lang='lat' dir='ltr'><strong>progressa,</strong></span> <span class='ocrx_word' id='word_1_21' title='bbox 437 763 598 838; x_wconf 88' lang='lat' dir='ltr'><strong>periculosa</strong></span> <span class='ocrx_word' id='word_1_22' title='bbox 610 773 666 832; x_wconf 85' lang='lat' dir='ltr'><strong>est,</strong></span> <span class='ocrx_word' id='word_1_23' title='bbox 684 763 708 819; x_wconf 91' lang='lat' dir='ltr'><strong>si</strong></span> <span class='ocrx_word' id='word_1_24' title='bbox 721 765 754 819; x_wconf 90' lang='lat' dir='ltr'><strong>in</strong></span> 
     </span>
     <span class='ocr_line' id='line_1_6' title="bbox 34 850 754 926; baseline -0.001 -17"><span class='ocrx_word' id='word_1_25' title='bbox 34 921 43 926; x_wconf 20' lang='grc' dir='ltr'>ὴ</span> <span class='ocrx_word' id='word_1_26' title='bbox 94 865 224 910; x_wconf 83' lang='lat' dir='ltr'><strong>extremo</strong></span> <span class='ocrx_word' id='word_1_27' title='bbox 236 850 337 908; x_wconf 83' lang='lat' dir='ltr'><strong>fuerit:</strong></span> <span class='ocrx_word' id='word_1_28' title='bbox 361 871 422 907; x_wconf 89' lang='lat' dir='ltr'><strong>non</strong></span> <span class='ocrx_word' id='word_1_29' title='bbox 435 863 529 926; x_wconf 84' lang='lat' dir='ltr'><strong>potest</strong></span> <span class='ocrx_word' id='word_1_30' title='bbox 546 854 624 908; x_wconf 90' lang='lat' dir='ltr'><strong>enim</strong></span> <span class='ocrx_word' id='word_1_31' title='bbox 644 854 676 906; x_wconf 92' lang='lat' dir='ltr'><strong>in</strong></span> <span class='ocrx_word' id='word_1_32' title='bbox 702 873 754 908; x_wconf 91' lang='lat' dir='ltr'><strong>eo-</strong></span> 
     </span>
     <span class='ocr_line' id='line_1_7' title="bbox 95 941 755 1019; baseline 0 -21"><span class='ocrx_word' id='word_1_33' title='bbox 95 944 160 998; x_wconf 85' lang='lat' dir='ltr'><strong>dem</strong></span> <span class='ocrx_word' id='word_1_34' title='bbox 178 941 346 1014; x_wconf 80' lang='lat' dir='ltr'><strong>persistere,</strong></span> <span class='ocrx_word' id='word_1_35' title='bbox 371 963 464 1019; x_wconf 88' lang='lat' dir='ltr'><strong>neque</strong></span> <span class='ocrx_word' id='word_1_36' title='bbox 483 944 635 1014; x_wconf 77' lang='lat' dir='ltr'><strong>quiescere.</strong></span> <span class='ocrx_word' id='word_1_37' title='bbox 680 941 755 998; x_wconf 84' lang='lat' dir='ltr'><strong>Cum</strong></span> 
     </span>
     <span class='ocr_line' id='line_1_8' title="bbox 94 1030 757 1105; baseline -0.003 -17"><span class='ocrx_word' id='word_1_38' title='bbox 94 1051 164 1088; x_wconf 77' lang='lat' dir='ltr'><strong>vero</strong></span> <span class='ocrx_word' id='word_1_39' title='bbox 179 1049 241 1084; x_wconf 90' lang='lat' dir='ltr'><strong>non</strong></span> <span class='ocrx_word' id='word_1_40' title='bbox 255 1033 390 1102; x_wconf 85' lang='lat' dir='ltr'><strong>quiescat,</strong></span> <span class='ocrx_word' id='word_1_41' title='bbox 404 1051 497 1105; x_wconf 89' lang='lat' dir='ltr'><strong>neque</strong></span> <span class='ocrx_word' id='word_1_42' title='bbox 511 1032 602 1104; x_wconf 79' lang='lat' dir='ltr'><strong>possit</strong></span> <span class='ocrx_word' id='word_1_43' title='bbox 612 1031 643 1083; x_wconf 93' lang='lat' dir='ltr'><strong>in</strong></span> <span class='ocrx_word' id='word_1_44' title='bbox 655 1030 757 1086; x_wconf 83' lang='lat' dir='ltr'><strong>melius</strong></span> 
     </span>
     <span class='ocr_line' id='line_1_9' title="bbox 86 1120 759 1197; baseline -0.003 -20"><span class='ocrx_word' id='word_1_45' title='bbox 86 1121 255 1197; x_wconf 77' lang='lat' dir='ltr'><strong>prolicere,</strong></span> <span class='ocrx_word' id='word_1_46' title='bbox 279 1122 426 1194; x_wconf 90' lang='lat' dir='ltr'><strong>reliquum</strong></span> <span class='ocrx_word' id='word_1_47' title='bbox 444 1130 499 1188; x_wconf 81' lang='lat' dir='ltr'><strong>est,</strong></span> <span class='ocrx_word' id='word_1_48' title='bbox 528 1129 563 1174; x_wconf 88' lang='lat' dir='ltr'><strong>ut</strong></span> <span class='ocrx_word' id='word_1_49' title='bbox 581 1120 613 1174; x_wconf 91' lang='lat' dir='ltr'><strong>in</strong></span> <span class='ocrx_word' id='word_1_50' title='bbox 635 1120 759 1175; x_wconf 82' lang='lat' dir='ltr'><strong>deterius</strong></span> 
     </span>
     <span class='ocr_line' id='line_1_10' title="bbox 93 1209 758 1283; baseline -0.003 -17"><span class='ocrx_word' id='word_1_51' title='bbox 93 1213 224 1268; x_wconf 78' lang='lat' dir='ltr'><strong>labatur.</strong></span> <span class='ocrx_word' id='word_1_52' title='bbox 261 1210 315 1264; x_wconf 88' lang='lat' dir='ltr'><strong>His</strong></span> <span class='ocrx_word' id='word_1_53' title='bbox 333 1211 424 1283; x_wconf 77' lang='lat' dir='ltr'><strong>igitur</strong></span> <span class='ocrx_word' id='word_1_54' title='bbox 444 1209 479 1264; x_wconf 88' lang='lat' dir='ltr'><strong>de</strong></span> <span class='ocrx_word' id='word_1_55' title='bbox 493 1209 587 1265; x_wconf 80' lang='lat' dir='ltr'><strong>causis</strong></span> <span class='ocrx_word' id='word_1_56' title='bbox 597 1209 758 1282; x_wconf 82' lang='lat' dir='ltr'><strong>pleniorem</strong></span> 
     </span>
     <span class='ocr_line' id='line_1_11' title="bbox 93 1297 757 1375; baseline -0.008 -17"><span class='ocrx_word' id='word_1_57' title='bbox 93 1300 229 1374; x_wconf 84' lang='lat' dir='ltr'><strong>corporis</strong></span> <span class='ocrx_word' id='word_1_58' title='bbox 241 1297 374 1356; x_wconf 85' lang='lat' dir='ltr'><strong>habitum</strong></span> <span class='ocrx_word' id='word_1_59' title='bbox 386 1299 464 1355; x_wconf 88' lang='lat' dir='ltr'><strong>haud</strong></span> <span class='ocrx_word' id='word_1_60' title='bbox 478 1309 647 1356; x_wconf 81' lang='lat' dir='ltr'><strong>cunctanter</strong></span> <span class='ocrx_word' id='word_1_61' title='bbox 660 1300 757 1375; x_wconf 74' lang='lat' dir='ltr'><strong>solse-</strong></span> 
     </span>
     <span class='ocr_line' id='line_1_12' title="bbox 93 1385 755 1465; baseline -0.003 -19"><span class='ocrx_word' id='word_1_62' title='bbox 93 1409 126 1446; x_wconf 89' lang='lat' dir='ltr'><strong>re</strong></span> <span class='ocrx_word' id='word_1_63' title='bbox 141 1385 271 1465; x_wconf 82' lang='lat' dir='ltr'><strong>expedit,</strong></span> <span class='ocrx_word' id='word_1_64' title='bbox 297 1407 356 1461; x_wconf 89' lang='lat' dir='ltr'><strong>quo</strong></span> <span class='ocrx_word' id='word_1_65' title='bbox 376 1408 483 1464; x_wconf 87' lang='lat' dir='ltr'><strong>corpus</strong></span> <span class='ocrx_word' id='word_1_66' title='bbox 501 1407 603 1444; x_wconf 82' lang='lat' dir='ltr'><strong>rursus</strong></span> <span class='ocrx_word' id='word_1_67' title='bbox 621 1387 755 1444; x_wconf 87' lang='lat' dir='ltr'><strong>resectio-</strong></span> 
     </span>
     <span class='ocr_line' id='line_1_13' title="bbox 93 1477 756 1552; baseline -0.002 -18"><span class='ocrx_word' id='word_1_68' title='bbox 93 1481 141 1539; x_wconf 81' lang='lat' dir='ltr'><strong>nis</strong></span> <span class='ocrx_word' id='word_1_69' title='bbox 160 1477 279 1532; x_wconf 85' lang='lat' dir='ltr'><strong>initium</strong></span> <span class='ocrx_word' id='word_1_70' title='bbox 297 1489 403 1534; x_wconf 84' lang='lat' dir='ltr'><strong>sumat.</strong></span> <span class='ocrx_word' id='word_1_71' title='bbox 437 1479 537 1552; x_wconf 82' lang='lat' dir='ltr'><strong>Neque</strong></span> <span class='ocrx_word' id='word_1_72' title='bbox 557 1489 655 1534; x_wconf 80' lang='lat' dir='ltr'><strong>tamen</strong></span> <span class='ocrx_word' id='word_1_73' title='bbox 677 1489 756 1534; x_wconf 87' lang='lat' dir='ltr'><strong>exte-</strong></span> 
     </span>
     <span class='ocr_line' id='line_1_14' title="bbox 93 1568 814 1642; baseline -0.008 -15"><span class='ocrx_word' id='word_1_74' title='bbox 93 1571 249 1627; x_wconf 84' lang='lat' dir='ltr'><strong>nuationcs</strong></span> <span class='ocrx_word' id='word_1_75' title='bbox 263 1569 300 1623; x_wconf 84' lang='lat' dir='ltr'><strong>ad</strong></span> <span class='ocrx_word' id='word_1_76' title='bbox 311 1579 471 1623; x_wconf 84' lang='lat' dir='ltr'><strong>extremum</strong></span> <span class='ocrx_word' id='word_1_77' title='bbox 482 1568 690 1642; x_wconf 79' lang='lat' dir='ltr'><strong>perducendae,</strong></span> <span class='ocrx_word' id='word_1_78' title='bbox 702 1587 757 1642; x_wconf 83' lang='lat' dir='ltr'><strong>pe-</strong></span> <span class='ocrx_word' id='word_1_79' title='bbox 811 1575 814 1582; x_wconf 88' lang='grc'><strong><em>’</em></strong></span> 
     </span>
     <span class='ocr_line' id='line_1_15' title="bbox 93 1647 758 1731; baseline -0.006 -15"><span class='ocrx_word' id='word_1_80' title='bbox 93 1659 257 1716; x_wconf 84' lang='lat' dir='ltr'><strong>riculosum</strong></span> <span class='ocrx_word' id='word_1_81' title='bbox 279 1647 369 1714; x_wconf 78' lang='lat' dir='ltr'><strong>enim:</strong></span> <span class='ocrx_word' id='word_1_82' title='bbox 400 1651 449 1714; x_wconf 85' lang='lat' dir='ltr'><strong>sed</strong></span> <span class='ocrx_word' id='word_1_83' title='bbox 468 1657 561 1731; x_wconf 86' lang='lat' dir='ltr'><strong>qualis</strong></span> <span class='ocrx_word' id='word_1_84' title='bbox 585 1659 672 1714; x_wconf 85' lang='lat' dir='ltr'><strong>fuerit</strong></span> <span class='ocrx_word' id='word_1_85' title='bbox 697 1659 758 1728; x_wconf 82' lang='lat' dir='ltr'><strong>ejus</strong></span> 
     </span>
     <span class='ocr_line' id='line_1_16' title="bbox 30 1735 757 1826; baseline -0.015 -17"><span class='ocrx_word' id='word_1_86' title='bbox 30 1803 34 1810; x_wconf 89' lang='lat'>.</span> <span class='ocrx_word' id='word_1_87' title='bbox 95 1753 148 1826; x_wconf 86' lang='lat' dir='ltr'><strong>qui</strong></span> <span class='ocrx_word' id='word_1_88' title='bbox 160 1750 302 1806; x_wconf 83' lang='lat' dir='ltr'><strong>sustinere</strong></span> <span class='ocrx_word' id='word_1_89' title='bbox 314 1748 397 1803; x_wconf 77' lang='lat' dir='ltr'><strong>dehet</strong></span> <span class='ocrx_word' id='word_1_90' title='bbox 406 1757 527 1816; x_wconf 83' lang='lat' dir='ltr'><strong>natura,</strong></span> <span class='ocrx_word' id='word_1_91' title='bbox 546 1765 580 1802; x_wconf 88' lang='lat' dir='ltr'><strong>eo</strong></span> <span class='ocrx_word' id='word_1_92' title='bbox 594 1765 685 1820; x_wconf 85' lang='lat' dir='ltr'><strong>usqne</strong></span> <span class='ocrx_word' id='word_1_93' title='bbox 697 1735 757 1804; x_wconf 85' lang='lat' dir='ltr'><strong>du·</strong></span> 
     </span>
     <span class='ocr_line' id='line_1_17' title="bbox 94 1837 755 1904; baseline -0.012 -8"><span class='ocrx_word' id='word_1_94' title='bbox 94 1840 213 1896; x_wconf 83' lang='lat' dir='ltr'><strong>rendae.</strong></span> <span class='ocrx_word' id='word_1_95' title='bbox 245 1839 352 1904; x_wconf 79' lang='lat' dir='ltr'><strong>Eadem</strong></span> <span class='ocrx_word' id='word_1_96' title='bbox 366 1854 436 1892; x_wconf 74' lang='lat' dir='ltr'><strong>vero</strong></span> <span class='ocrx_word' id='word_1_97' title='bbox 453 1839 567 1893; x_wconf 82' lang='lat' dir='ltr'><strong>ratione</strong></span> <span class='ocrx_word' id='word_1_98' title='bbox 580 1837 755 1892; x_wconf 79' lang='lat' dir='ltr'><strong>inanitiones</strong></span> 
     </span>
     <span class='ocr_line' id='line_1_18' title="bbox 97 1915 757 2002; baseline -0.015 -15"><span class='ocrx_word' id='word_1_99' title='bbox 97 1916 134 1987; x_wconf 90' lang='lat' dir='ltr'><strong>ad</strong></span> <span class='ocrx_word' id='word_1_100' title='bbox 146 1942 307 1989; x_wconf 80' lang='lat' dir='ltr'><strong>extremum</strong></span> <span class='ocrx_word' id='word_1_101' title='bbox 322 1915 458 1984; x_wconf 81' lang='lat' dir='ltr'><strong>deductae</strong></span> <span class='ocrx_word' id='word_1_102' title='bbox 469 1926 661 2002; x_wconf 70' lang='lat' dir='ltr'><strong>periculosae,</strong></span> <span class='ocrx_word' id='word_1_103' title='bbox 682 1941 757 1978; x_wconf 90' lang='lat' dir='ltr'><strong>con-</strong></span> 
     </span>
     <span class='ocr_line' id='line_1_19' title="bbox 95 2017 758 2094; baseline -0.018 -18"><span class='ocrx_word' id='word_1_104' title='bbox 95 2034 202 2094; x_wconf 79' lang='lat' dir='ltr'><strong>traque</strong></span> <span class='ocrx_word' id='word_1_105' title='bbox 213 2022 379 2075; x_wconf 84' lang='lat' dir='ltr'><strong>refectiones</strong></span> <span class='ocrx_word' id='word_1_106' title='bbox 389 2017 434 2086; x_wconf 33' lang='lat' dir='ltr'><strong>,ad</strong></span> <span class='ocrx_word' id='word_1_107' title='bbox 450 2033 598 2072; x_wconf 83' lang='lat' dir='ltr'><strong>summum</strong></span> <span class='ocrx_word' id='word_1_108' title='bbox 618 2029 758 2087; x_wconf 81' lang='lat' dir='ltr'><strong>progres-</strong></span> 
     </span>
     <span class='ocr_line' id='line_1_20' title="bbox 94 2110 369 2183; baseline -0.018 -15"><span class='ocrx_word' id='word_1_109' title='bbox 94 2130 162 2176; x_wconf 86' lang='lat' dir='ltr'><strong>sae,</strong></span> <span class='ocrx_word' id='word_1_110' title='bbox 181 2110 369 2183; x_wconf 79' lang='lat' dir='ltr'><strong>periculosae.</strong></span> 
     </span>
    </p>

    <p class='ocr_par' dir='ltr' id='par_1_4' title="bbox 98 2189 848 2720">
     <span class='ocr_line' id='line_1_21' title="bbox 132 2189 848 2266; baseline -0.011 -13"><span class='ocrx_word' id='word_1_111' title='bbox 132 2204 160 2255; x_wconf 82' lang='lat'><strong>4.</strong></span> <span class='ocrx_word' id='word_1_112' title='bbox 180 2189 332 2260; x_wconf 78' lang='lat' dir='ltr'><strong>Tenuiset</strong></span> <span class='ocrx_word' id='word_1_113' title='bbox 347 2206 446 2252; x_wconf 83' lang='lat' dir='ltr'><strong>exacta</strong></span> <span class='ocrx_word' id='word_1_114' title='bbox 465 2194 558 2248; x_wconf 86' lang='lat' dir='ltr'><strong>victus</strong></span> <span class='ocrx_word' id='word_1_115' title='bbox 575 2191 667 2260; x_wconf 81' lang='lat' dir='ltr'><strong>ratio,</strong></span> <span class='ocrx_word' id='word_1_116' title='bbox 692 2207 761 2246; x_wconf 87' lang='lat' dir='ltr'><strong>enm</strong></span> <span class='ocrx_word' id='word_1_117' title='bbox 834 2259 848 2266; x_wconf 29' lang='grc' dir='ltr'><strong>α</strong></span> 
     </span>
     <span class='ocr_line' id='line_1_22' title="bbox 98 2280 757 2361; baseline -0.015 -18"><span class='ocrx_word' id='word_1_118' title='bbox 98 2292 130 2343; x_wconf 86' lang='lat' dir='ltr'><strong>in</strong></span> <span class='ocrx_word' id='word_1_119' title='bbox 144 2288 255 2344; x_wconf 83' lang='lat' dir='ltr'><strong>morbis</strong></span> <span class='ocrx_word' id='word_1_120' title='bbox 274 2288 369 2361; x_wconf 77' lang='lat' dir='ltr'><strong>longis</strong></span> <span class='ocrx_word' id='word_1_121' title='bbox 390 2303 517 2360; x_wconf 88' lang='lat' dir='ltr'><strong>semper,</strong></span> <span class='ocrx_word' id='word_1_122' title='bbox 536 2293 600 2338; x_wconf 91' lang='lat' dir='ltr'><strong>tum</strong></span> <span class='ocrx_word' id='word_1_123' title='bbox 614 2283 645 2336; x_wconf 89' lang='lat' dir='ltr'><strong>in</strong></span> <span class='ocrx_word' id='word_1_124' title='bbox 658 2280 757 2348; x_wconf 85' lang='lat' dir='ltr'><strong>acutis,</strong></span> 
     </span>
     <span class='ocr_line' id='line_1_23' title="bbox 98 2370 758 2450; baseline -0.012 -17"><span class='ocrx_word' id='word_1_125' title='bbox 98 2379 150 2432; x_wconf 90' lang='lat' dir='ltr'><strong>ubi</strong></span> <span class='ocrx_word' id='word_1_126' title='bbox 162 2397 224 2433; x_wconf 91' lang='lat' dir='ltr'><strong>non</strong></span> <span class='ocrx_word' id='word_1_127' title='bbox 240 2377 410 2444; x_wconf 79' lang='lat' dir='ltr'><strong>admittitur,</strong></span> <span class='ocrx_word' id='word_1_128' title='bbox 429 2392 537 2450; x_wconf 90' lang='lat' dir='ltr'><strong>parum</strong></span> <span class='ocrx_word' id='word_1_129' title='bbox 548 2382 611 2428; x_wconf 89' lang='lat' dir='ltr'><strong>tuta</strong></span> <span class='ocrx_word' id='word_1_130' title='bbox 622 2381 685 2434; x_wconf 60' lang='lat' dir='ltr'><strong>est„</strong></span> <span class='ocrx_word' id='word_1_131' title='bbox 702 2370 758 2426; x_wconf 83' lang='lat' dir='ltr'><strong>vi-</strong></span> 
     </span>
     <span class='ocr_line' id='line_1_24' title="bbox 99 2448 772 2545; baseline -0.007 -23"><span class='ocrx_word' id='word_1_132' title='bbox 99 2479 162 2522; x_wconf 83' lang='lat' dir='ltr'><strong>ctus</strong></span> <span class='ocrx_word' id='word_1_133' title='bbox 170 2454 221 2540; x_wconf 84' lang='lat' dir='ltr'><strong>qui</strong></span> <span class='ocrx_word' id='word_1_134' title='bbox 234 2469 270 2522; x_wconf 90' lang='lat' dir='ltr'><strong>ad</strong></span> <span class='ocrx_word' id='word_1_135' title='bbox 282 2484 428 2545; x_wconf 75' lang='lat' dir='ltr'><strong>summam</strong></span> <span class='ocrx_word' id='word_1_136' title='bbox 437 2465 570 2540; x_wconf 83' lang='lat' dir='ltr'><strong>pervenit</strong></span> <span class='ocrx_word' id='word_1_137' title='bbox 579 2448 772 2526; x_wconf 55' lang='lat' dir='ltr'><strong>tenuitatem(</strong></span> 
     </span>
     <span class='ocr_line' id='line_1_25' title="bbox 99 2553 771 2630; baseline -0.009 -20"><span class='ocrx_word' id='word_1_138' title='bbox 99 2557 210 2629; x_wconf 62' lang='grc' dir='ltr'><strong>μανίας</strong></span> <span class='ocrx_word' id='word_1_139' title='bbox 236 2567 396 2628; x_wconf 87' lang='lat' dir='ltr'><strong>contraque</strong></span> <span class='ocrx_word' id='word_1_140' title='bbox 413 2555 586 2630; x_wconf 86' lang='lat' dir='ltr'><strong>repletiones</strong></span> <span class='ocrx_word' id='word_1_141' title='bbox 609 2553 646 2610; x_wconf 86' lang='lat' dir='ltr'><strong>ad</strong></span> <span class='ocrx_word' id='word_1_142' title='bbox 662 2559 771 2622; x_wconf 68' lang='lat' dir='ltr'><strong>extre·⁸</strong></span> 
     </span>
     <span class='ocr_line' id='line_1_26' title="bbox 101 2645 577 2720; baseline -0.008 -16"><span class='ocrx_word' id='word_1_143' title='bbox 101 2664 184 2704; x_wconf 83' lang='lat' dir='ltr'><strong>mum</strong></span> <span class='ocrx_word' id='word_1_144' title='bbox 195 2645 367 2720; x_wconf 79' lang='lat' dir='ltr'><strong>perductae,</strong></span> <span class='ocrx_word' id='word_1_145' title='bbox 386 2663 486 2720; x_wconf 76' lang='lat' dir='ltr'><strong>graves</strong></span> <span class='ocrx_word' id='word_1_146' title='bbox 499 2653 577 2700; x_wconf 80' lang='lat' dir='ltr'><strong>sunt.</strong></span> 
     </span>
    </p>
   </div>
   <div class='ocr_carea' id='block_1_3' title="bbox 0 0 983 3262">
    <p class='ocr_par' dir='ltr' id='par_1_5' title="bbox 0 0 983 3262">
     <span class='ocr_line' id='line_1_27' title="bbox 0 0 983 3262; baseline 0 0"><span class='ocrx_word' id='word_1_147' title='bbox 0 0 983 3262; x_wconf 95' lang='lat' dir='ltr'><strong> </strong></span> 
     </span>
    </p>
   </div>
  </div>
 </body>
</html>
