1938 3262
254 343 419 393 sucuro
455 346 647 396 rnnrrs.
726 310 805 396 45'

122 487 252 550 monne,
276 485 461 557 gravedines,
485 488 651 553 raucitates,
675 498 773 556 tusses,

123 577 237 632 dolores
249 575 388 648 pectoris,
408 574 545 642 laterum,
564 576 731 632 lumborum
745 587 773 630 et

122 666 239 739 capitis,
257 663 409 736 vertigines
422 673 449 718 et
459 663 633 738 apoplexiae.
713 655 714 660 ยน

156 759 199 811 24.
218 754 273 808 Per
292 762 395 808 aetates
413 765 507 809 autem
531 753 600 807 haec
622 755 771 808 eveniunt:

121 845 220 920 parvis
232 854 259 898 et
270 859 367 898 recens
379 843 453 900 natis
470 841 607 915 puerulis,
624 844 682 896 oris
691 842 771 894 ulce-

121 954 164 1000 ra,
178 933 363 997 vomitiones,
382 942 485 998 tusses,
499 931 625 1002 vigiliae,
640 949 771 1003 pavores,

119 1023 250 1080 umbilici
265 1021 522 1088 inflammationes,
541 1019 655 1075 aurium
673 1017 772 1072 humi-

120 1113 231 1168 ditates.

155 1204 198 1256 25.
217 1197 263 1251 Ad
275 1197 462 1264 dentitionem
478 1217 547 1254 vero
559 1198 772 1273 progredienti*

118 1289 190 1356 bus,
208 1287 391 1361 gingivarum
406 1288 585 1344 stimulantes
598 1289 771 1361 prurigines,

117 1378 225 1444 febres,
238 1375 452 1445 convulsiones,
466 1378 524 1431 alvi
538 1379 784 1451 prossuvia,'ma-v

118 1467 194 1520 xime
213 1483 278 1520 curn
303 1466 421 1521 caninos
446 1467 543 1522 dentes
569 1469 718 1532 emittunt,
743 1477 772 1522 et

118 1554 216 1629 pueris
228 1554 415 1622 crassissimis,
428 1566 455 1610 et
467 1557 501 1612 iis
514 1557 564 1631 qui
577 1557 655 1612 alvos
663 1555 771 1612 habent
842 1561 845 1566 '

118 1644 276 1699 adstrictas]
612 1637 615 1643 ยน

152 1745 196 1800 26.
216 1741 416 1799 Adultinribus
428 1747 502 1817 jam,
520 1747 704 1802 tonsillarum
718 1747 767 1800 in-

117 1832 340 1898 flammationes,
358 1835 507 1890 vertebrae
518 1855 591 1908 quiae
610 1837 645 1890 ad
658 1836 783 1908 occipi-,

117 1924 191 2000 tium
205 1932 244 1975 est
260 1923 426 1978 interiorem
439 1924 469 1977 in
487 1935 600 1998 partem
614 1925 769 1996 impulsio-
801 1967 803 1973 .

118 2031 176 2078 nes,
196 2011 344 2078 asthmata,
363 2012 474 2079 calculi,
493 2013 628 2078 lumbrici
640 2012 768 2078 rotundi,

118 2102 271 2167 ascarides,
289 2119 426 2156 verrucae
444 2099 580 2174 pensiles,
598 2101 767 2172 satyriasmi,

116 2201 259 2257 strumae,
278 2200 305 2244 et
318 2189 373 2244 alia
384 2189 542 2244 tubercula.

152 2313 195 2363 27.
213 2292 252 2345 At
268 2299 356 2345 aetate
378 2291 463 2344 etiam
481 2287 712 2363 provectioribus
741 2298 768 2343 et

117 2381 153 2436 ad
171 2381 351 2454 pubertatem
369 2381 541 2453 progressis,
564 2396 597 2430 ex
616 2378 650 2431 iis
666 2377 767 2444 multa,

117 2480 143 2526 et
158 2471 241 2524 etiam
256 2470 347 2524 febres
359 2469 511 2524 diuturnae
528 2467 632 2540 magiS,
652 2477 680 2521 et
694 2487 764 2522 san-

116 2559 210 2632 guinis
223 2577 256 2612 ex
268 2557 388 2611 naribus
403 2557 557 2630 profluvia.

149 2654 193 2708 28.
211 2647 334 2703 Plurimi
347 2654 440 2701 autem
458 2647 554 2702 morbi
570 2647 668 2721 pueris
684 2647 762 2717 judis
