1938 3262
253 408 424 461 sncrro
447 392 670 472 'Qurur'n'
735 387 780 477 87

180 556 222 612 55.
242 553 323 624 Quae
333 562 416 605 utero
429 559 556 623 gerentes
569 549 698 604 febribus
713 557 781 602 cor*-

126 646 291 720 ripiuntur5
325 652 351 696 et
376 641 457 695 valde
475 621 676 704 extenuantur,
711 639 785 692 citra

127 735 306 792 manifestam
337 749 468 796 causam,
503 710 553 782 cae
581 728 734 783 difficulter
758 735 785 781 ct

128 848 193 884 cum
206 824 335 900 periculo
348 821 483 894 pariunt,
495 811 559 872 'aut
583 819 718 873 abortum
738 816 785 871 ia·-

128 919 230 974 cientes
242 913 452 989 periclitantur.

181 1032 222 1085 56.
261 1027 290 1079 Si
316 1020 463 1097 profluvio
492 1017 627 1074 mulicbri
661 1017 787 1072 convul—

94 1163 101 1173 ,
129 1122 170 1177 sio
188 1123 217 1172 'et
231 1115 320 1171 animi
340 1112 458 1168 dc'fectio
479 1108 693 1184 supervenerit,
716 1113 810 1167 'ma-,

127 1195 201 1285 lum.¹

182 1305 225 1370 57.
262 1293 413 1351 Mensibus
440 1288 650 1365 copiosioribus
671 1283 789 1360 profiu-

131 1389 254 1454 entibus,
273 1384 369 1440 morbi
383 1384 563 1455 contingunt,
582 1388 608 1432 et
622 1371 681 1432 no'n
695 1373 790 1450 prod-

132 1479 267 1536 euntibus
283 1476 319 1530 ab
335 1485 418 1528 utero
435 1471 530 1528 morbi
545 1458 689 1524 eveniunt.
793 1459 794 1462 '

184 1595 227 1646 58.
251 1589 338 1640 Recto
354 1585 488 1639 intestino
512 1594 538 1638 et
565 1590 649 1634 utero
669 1575 788 1630 inflam-

132 1682 259 1753 matione
274 1677 395 1740 affectis,
415 1675 580 1747 stranguria
594 1669 710 1725 accidit:
740 1683 792 1718 rer

132 1771 219 1824 nibus
239 1767 324 1820 ctiam
347 1765 509 1840 purulentis
533 1757 697 1831 stranguria
723 1771 791 1807 suc-

133 1859 220 1916 cedit:
244 1857 335 1929 jecori
357 1873 426 1907 vcro
452 1850 680 1908 inflammatione
705 1843 791 1898 labos

134 1948 214 2003 ranti
227 1945 393 2027 superrenit
406 1943 556 2015 singultus.
631 2003 633 2008 Ι

135 2122 139 2127 ι
188 2062 238 2126 59.v
255 2055 286 2108 Si
311 2055 417 2109 mulier
440 2073 501 2108 non
529 2052 689 2125 concipiat,
720 2047 793 2102 scire

137 2157 233 2203 autem
252 2144 386 2213 volueris,
399 2163 470 2198 num
485 2152 660 2216 conceptura
673 2139 720 2202 sit,
741 2128 794 2190 ve-

137 2235 363 2306 stibus'undique
375 2232 530 2288 obvolutae
543 2251 596 2305 per
610 2225 793 2287 infernasuf-

137 2327 222 2380 fitum
243 2325 397 2397 apponito:
429 2332 456 2376 et
478 2323 501 2376 si
521 2322 593 2376 odor
620 2320 736 2394 quidem
760 2313 795 2370 ad
871 2313 876 2322 “

137 2435 223 2470 nares
240 2425 266 2469 ct
278 2433 309 2468 os
327 2432 433 2485 usque,
458 2430 511 2484 per
530 2430 636 2484 corpus
653 2409 705 2464 tibi
725 2423 794 2480 per*

138 2505 244 2560 vadere
258 2503 404 2569 videatur,
428 2502 519 2576 ipsam
539 2519 601 2556 non
616 2519 650 2556 cx
668 2517 726 2555 sese
746 2497 794 2550 in-

140 2593 293 2650 fecundam
306 2611 364 2646 esse
382 2592 463 2648 scitu.

194 2692 239 2746 60.
262 2688 293 2746 si
311 2687 426 2744 mulieri
444 2697 528 2743 utero
552 2684 661 2762 gerenti
682 2697 793 2755 purga-
