1938 3262
213 337 214 342 ’
259 351 429 402 suerro
468 350 656 402 enarra.
734 331 784 400 45

131 503 243 562 cantur,
255 493 362 566 partim
374 493 489 566 quidem
501 495 578 550 intra
592 495 783 569 quadraginta

131 587 205 652 dies,
228 585 335 657 partim
356 601 424 636 vcro
442 583 519 637 intra
538 595 646 658 septem
664 604 782 651 menses,

132 673 267 728 nonnulli
279 674 357 727 intra
370 691 461 726 annos
474 683 591 746 septem,
608 675 725 746 quidam
738 684 782 728 et-

130 765 188 819 iam
201 751 239 818 ad·
248 763 608 836 pubertatemprogressis.
629 835 630 838 Ἴ
643 764 701 834 Qui
713 780 782 816 vero

129 852 227 926 pueris
238 854 459 925 perseverarint,
477 871 570 926 neque
583 853 658 906 circa
671 852 782 925 puber-

130 951 218 999 tatem
237 941 324 994 soluti
347 943 469 1011 luerint,
495 954 545 998 aut
570 941 683 995 seminis
708 941 783 994 circa

130 1030 272 1085 mensium
285 1017 482 1104 emptionem,
501 1048 698 1086 consenescere
710 1048 783 1084 con·

130 1129 295 1178 sueverunt.
723 1107 724 1112 Ἰ

164 1229 208 1280 29.
226 1209 386 1266 Juvenibus
400 1209 496 1267 autem
514 1207 661 1283 sanguinis
678 1205 785 1280 spuiti-

131 1317 214 1368 ones,
238 1299 331 1368 tabes,
359 1301 451 1356 febres
476 1311 588 1366 acutae,
622 1296 786 1364 comitiales,

131 1390 237 1462 aliique
251 1390 357 1456 morbi,
371 1391 526 1464 praecipue
535 1401 631 1446 tamen
638 1387 786 1462 praedicti.

164 1483 208 1534 bo.
227 1478 312 1534 Ultra
324 1479 398 1535 banc
413 1489 531 1536 aetatem
545 1499 614 1535 vero
627 1478 786 1552 progressis

130 1567 284 1637 asthmata,
311 1570 491 1644 pleuritides,
515 1569 786 1644 peripneumoniae,

130 1647 272 1732 lethargi,
309 1659 499 1733 phrenitides,
529 1659 621 1713 febres
646 1659 784 1723 ardentes,
865 1681 870 1686 “

130 1748 270 1803 diuturna
284 1747 341 1803 alvi
353 1750 508 1823 profluvia,
520 1748 659 1816 cholerae,
678 1749 783 1820 dysen-

130 1837 234 1904 teriae,
253 1838 412 1907 lienteriae,
430 1837 673 1895 haemorrhoides.

165 1931 210 1982 51.
229 1929 269 1982 At
288 1927 420 1994 senibus,
447 1927 576 2001 spirandi
594 1925 782 1991 difficultates,

131 2014 257 2069 catarrbi
271 2017 442 2083 tussiculosi,
459 2014 649 2087 stranguriae,
667 2015 784 2086 dysuri-
809 2069 812 2074 ,

132 2119 179 2165 ae,
221 2102 411 2159 articulorum
437 2104 568 2169 dolores,
600 2102 784 2176 nephritides,

130 2191 297 2264 vertigines,
317 2194 497 2272 apoplexiae,
516 2189 678 2258 cachexiae,
697 2192 785 2246 totius

134 2282 250 2352 coporis
263 2286 403 2354 pruritus,
415 2281 536 2354 vigiliae,
550 2280 616 2348 alvi,
630 2281 783 2336 oculorum

136 2379 164 2424 et
181 2372 298 2428 narium
316 2371 513 2437 humiditates,
537 2371 614 2426 visus
631 2369 783 2426 hebetudi-

131 2458 197 2525 nes,
216 2459 410 2532 glaucedines,
429 2461 542 2516 auditus
561 2461 722 2534 gravitates.

382 2633 548 2650 n*—
