<?xml version="1.0" encoding="UTF-8"?>
<!DOCTYPE html PUBLIC "-//W3C//DTD XHTML 1.0 Transitional//EN"
    "http://www.w3.org/TR/xhtml1/DTD/xhtml1-transitional.dtd">
<html xmlns="http://www.w3.org/1999/xhtml" xml:lang="en" lang="en">
 <head>
  <title>
</title>
<meta http-equiv="Content-Type" content="text/html;charset=utf-8" />
  <meta name='ocr-system' content='tesseract 3.04.00' />
  <meta name='ocr-capabilities' content='ocr_page ocr_carea ocr_par ocr_line ocrx_word'/>
</head>
<body>
  <div class='ocr_page' id='page_1' title='image "./hippocratisapho01hippgoog_0099.png"; bbox 0 0 1938 3262; ppageno 0'>
   <div class='ocr_carea' id='block_1_1' title="bbox 170 295 789 394">
    <p class='ocr_par' dir='ltr' id='par_1_1' title="bbox 170 295 789 394">
     <span class='ocr_line' id='line_1_1' title="bbox 170 295 789 394; baseline -0.018 -13"><span class='ocrx_word' id='word_1_1' title='bbox 170 377 172 381; x_wconf 85' lang='lat'>.</span> <span class='ocrx_word' id='word_1_2' title='bbox 234 309 639 385; x_wconf 72' lang='lat' dir='ltr'>sncr&#39;roQurure.</span> <span class='ocrx_word' id='word_1_3' title='bbox 727 295 789 394; x_wconf 66' lang='lat'>89</span> 
     </span>
    </p>
   </div>
   <div class='ocr_carea' id='block_1_2' title="bbox 67 462 851 2160">
    <p class='ocr_par' dir='ltr' id='par_1_2' title="bbox 111 462 778 632">
     <span class='ocr_line' id='line_1_2' title="bbox 121 462 778 536; baseline -0.009 -10"><span class='ocrx_word' id='word_1_4' title='bbox 121 471 214 526; x_wconf 83' lang='lat' dir='ltr'>tiones</span> <span class='ocrx_word' id='word_1_5' title='bbox 225 469 332 526; x_wconf 85' lang='lat' dir='ltr'>multae</span> <span class='ocrx_word' id='word_1_6' title='bbox 343 477 424 536; x_wconf 83' lang='lat' dir='ltr'>eant,</span> <span class='ocrx_word' id='word_1_7' title='bbox 449 462 521 522; x_wconf 83' lang='lat' dir='ltr'>fetus</span> <span class='ocrx_word' id='word_1_8' title='bbox 540 477 574 521; x_wconf 91' lang='lat' dir='ltr'>ut</span> <span class='ocrx_word' id='word_1_9' title='bbox 591 465 663 521; x_wconf 86' lang='lat' dir='ltr'>bene</span> <span class='ocrx_word' id='word_1_10' title='bbox 685 465 778 520; x_wconf 87' lang='lat' dir='ltr'>valeat</span> 
     </span>
     <span class='ocr_line' id='line_1_3' title="bbox 111 560 412 632; baseline -0.013 -17"><span class='ocrx_word' id='word_1_11' title='bbox 111 560 186 615; x_wconf 85' lang='lat' dir='ltr'>-iieri</span> <span class='ocrx_word' id='word_1_12' title='bbox 201 579 261 614; x_wconf 92' lang='lat' dir='ltr'>non</span> <span class='ocrx_word' id='word_1_13' title='bbox 283 567 385 632; x_wconf 86' lang='lat' dir='ltr'>potest.</span> <span class='ocrx_word' id='word_1_14' title='bbox 410 563 412 568; x_wconf 83' lang='lat'><em>&#39;</em></span> 
     </span>
    </p>

    <p class='ocr_par' dir='ltr' id='par_1_3' title="bbox 124 643 780 993">
     <span class='ocr_line' id='line_1_4' title="bbox 176 643 777 721; baseline -0.012 -17"><span class='ocrx_word' id='word_1_15' title='bbox 176 653 218 704; x_wconf 81' lang='lat'>61.</span> <span class='ocrx_word' id='word_1_16' title='bbox 237 649 267 704; x_wconf 81' lang='lat' dir='ltr'>si</span> <span class='ocrx_word' id='word_1_17' title='bbox 283 647 397 710; x_wconf 81' lang='lat' dir='ltr'>mulieri</span> <span class='ocrx_word' id='word_1_18' title='bbox 406 648 592 721; x_wconf 78' lang='lat' dir='ltr'>purgationes</span> <span class='ocrx_word' id='word_1_19' title='bbox 605 663 665 700; x_wconf 87' lang='lat' dir='ltr'>non</span> <span class='ocrx_word' id='word_1_20' title='bbox 683 643 777 718; x_wconf 86' lang='lat' dir='ltr'>prod-</span> 
     </span>
     <span class='ocr_line' id='line_1_5' title="bbox 124 733 777 812; baseline -0.017 -16"><span class='ocrx_word' id='word_1_21' title='bbox 124 748 204 804; x_wconf 84' lang='lat' dir='ltr'>eant,</span> <span class='ocrx_word' id='word_1_22' title='bbox 222 757 316 812; x_wconf 81' lang='lat' dir='ltr'>neque</span> <span class='ocrx_word' id='word_1_23' title='bbox 333 737 474 802; x_wconf 89' lang='lat' dir='ltr'>horrore,</span> <span class='ocrx_word' id='word_1_24' title='bbox 500 752 593 807; x_wconf 85' lang='lat' dir='ltr'>neque</span> <span class='ocrx_word' id='word_1_25' title='bbox 614 733 691 787; x_wconf 81' lang='lat' dir='ltr'>febre</span> <span class='ocrx_word' id='word_1_26' title='bbox 709 751 777 786; x_wconf 87' lang='lat' dir='ltr'>suc-</span> 
     </span>
     <span class='ocr_line' id='line_1_6' title="bbox 125 821 780 900; baseline -0.014 -16"><span class='ocrx_word' id='word_1_27' title='bbox 125 829 255 894; x_wconf 80' lang='lat' dir='ltr'>cedente,</span> <span class='ocrx_word' id='word_1_28' title='bbox 271 829 463 900; x_wconf 78' lang='lat' dir='ltr'>ciborumque</span> <span class='ocrx_word' id='word_1_29' title='bbox 474 825 585 880; x_wconf 76' lang='lat' dir='ltr'>fastidia</span> <span class='ocrx_word' id='word_1_30' title='bbox 604 822 629 876; x_wconf 88' lang='lat' dir='ltr'>ei</span> <span class='ocrx_word' id='word_1_31' title='bbox 641 821 780 888; x_wconf 85' lang='lat' dir='ltr'>accidant,</span> 
     </span>
     <span class='ocr_line' id='line_1_7' title="bbox 125 916 536 993; baseline -0.007 -19"><span class='ocrx_word' id='word_1_32' title='bbox 125 917 275 993; x_wconf 71' lang='lat' dir='ltr'>gravidam</span> <span class='ocrx_word' id='word_1_33' title='bbox 294 935 353 972; x_wconf 82' lang='lat' dir='ltr'>esse</span> <span class='ocrx_word' id='word_1_34' title='bbox 366 916 536 972; x_wconf 84' lang='lat' dir='ltr'>existimato.</span> 
     </span>
    </p>

    <p class='ocr_par' dir='ltr' id='par_1_4' title="bbox 124 999 851 1265">
     <span class='ocr_line' id='line_1_8' title="bbox 131 999 780 1080; baseline -0.02 -15"><span class='ocrx_word' id='word_1_35' title='bbox 131 1038 134 1044; x_wconf 94' lang='lat'>·</span> <span class='ocrx_word' id='word_1_36' title='bbox 178 1011 221 1064; x_wconf 79' lang='lat'>62.</span> <span class='ocrx_word' id='word_1_37' title='bbox 246 1009 329 1080; x_wconf 85' lang='lat' dir='ltr'>Quae</span> <span class='ocrx_word' id='word_1_38' title='bbox 352 1005 473 1080; x_wconf 78' lang='lat' dir='ltr'>frigidos</span> <span class='ocrx_word' id='word_1_39' title='bbox 499 1015 526 1060; x_wconf 88' lang='lat' dir='ltr'>et</span> <span class='ocrx_word' id='word_1_40' title='bbox 548 1004 651 1060; x_wconf 77' lang='lat' dir='ltr'>densos</span> <span class='ocrx_word' id='word_1_41' title='bbox 673 999 780 1056; x_wconf 82' lang='lat' dir='ltr'>hahent</span> 
     </span>
     <span class='ocr_line' id='line_1_9' title="bbox 124 1095 851 1168; baseline -0.019 -14"><span class='ocrx_word' id='word_1_42' title='bbox 124 1109 238 1165; x_wconf 73' lang='lat' dir='ltr'>uteros,</span> <span class='ocrx_word' id='word_1_43' title='bbox 276 1115 338 1151; x_wconf 92' lang='lat' dir='ltr'>non</span> <span class='ocrx_word' id='word_1_44' title='bbox 367 1095 551 1168; x_wconf 84' lang='lat' dir='ltr'>concipiunt,</span> <span class='ocrx_word' id='word_1_45' title='bbox 585 1109 678 1166; x_wconf 86' lang='lat' dir='ltr'>neque</span> <span class='ocrx_word' id='word_1_46' title='bbox 707 1108 780 1163; x_wconf 85' lang='lat' dir='ltr'>quae</span> <span class='ocrx_word' id='word_1_47' title='bbox 847 1109 851 1117; x_wconf 93' lang='lat'><em>·</em></span> 
     </span>
     <span class='ocr_line' id='line_1_10' title="bbox 126 1177 832 1265; baseline -0.021 -20"><span class='ocrx_word' id='word_1_48' title='bbox 126 1188 331 1265; x_wconf 82' lang='lat' dir='ltr'>praehumidos</span> <span class='ocrx_word' id='word_1_49' title='bbox 355 1185 476 1252; x_wconf 84' lang='lat' dir='ltr'>habent,</span> <span class='ocrx_word' id='word_1_50' title='bbox 504 1183 645 1256; x_wconf 83' lang='lat' dir='ltr'>siquidem</span> <span class='ocrx_word' id='word_1_51' title='bbox 665 1183 696 1234; x_wconf 88' lang='lat' dir='ltr'>in</span> <span class='ocrx_word' id='word_1_52' title='bbox 713 1177 781 1251; x_wconf 82' lang='lat' dir='ltr'>ipsis</span> <span class='ocrx_word' id='word_1_53' title='bbox 830 1233 832 1238; x_wconf 73' lang='grc'>,</span> 
     </span>
    </p>

    <p class='ocr_par' dir='ltr' id='par_1_5' title="bbox 67 1265 842 1711">
     <span class='ocr_line' id='line_1_11' title="bbox 129 1265 842 1353; baseline -0.02 -19"><span class='ocrx_word' id='word_1_54' title='bbox 129 1280 263 1353; x_wconf 79' lang='lat' dir='ltr'>genitura</span> <span class='ocrx_word' id='word_1_55' title='bbox 276 1276 468 1349; x_wconf 71' lang='lat' dir='ltr'>extinguitur:</span> <span class='ocrx_word' id='word_1_56' title='bbox 494 1283 521 1328; x_wconf 85' lang='lat' dir='ltr'>et</span> <span class='ocrx_word' id='word_1_57' title='bbox 539 1291 612 1346; x_wconf 84' lang='lat' dir='ltr'>quae</span> <span class='ocrx_word' id='word_1_58' title='bbox 623 1271 709 1326; x_wconf 87' lang='lat' dir='ltr'>nimis</span> <span class='ocrx_word' id='word_1_59' title='bbox 721 1269 780 1331; x_wconf 83' lang='lat' dir='ltr'>sic·</span> <span class='ocrx_word' id='word_1_60' title='bbox 840 1265 842 1274; x_wconf 75' lang='grc'><strong><em>’</em></strong></span> 
     </span>
     <span class='ocr_line' id='line_1_12' title="bbox 127 1356 782 1426; baseline -0.015 -4"><span class='ocrx_word' id='word_1_61' title='bbox 127 1385 177 1422; x_wconf 82' lang='lat' dir='ltr'>cos</span> <span class='ocrx_word' id='word_1_62' title='bbox 190 1377 217 1421; x_wconf 88' lang='lat' dir='ltr'>et</span> <span class='ocrx_word' id='word_1_63' title='bbox 229 1366 381 1423; x_wconf 84' lang='lat' dir='ltr'>immodice</span> <span class='ocrx_word' id='word_1_64' title='bbox 394 1364 501 1420; x_wconf 86' lang='lat' dir='ltr'>oalidoa</span> <span class='ocrx_word' id='word_1_65' title='bbox 515 1362 636 1426; x_wconf 84' lang='lat' dir='ltr'>habent,</span> <span class='ocrx_word' id='word_1_66' title='bbox 651 1356 782 1416; x_wconf 77' lang='lat' dir='ltr'>alimenti</span> 
     </span>
     <span class='ocr_line' id='line_1_13' title="bbox 127 1446 781 1530; baseline -0.02 -17"><span class='ocrx_word' id='word_1_67' title='bbox 127 1457 207 1514; x_wconf 84' lang='lat' dir='ltr'>enim</span> <span class='ocrx_word' id='word_1_68' title='bbox 233 1453 333 1530; x_wconf 83' lang='lat' dir='ltr'>inopia</span> <span class='ocrx_word' id='word_1_69' title='bbox 364 1475 460 1519; x_wconf 79' lang='lat' dir='ltr'>semen</span> <span class='ocrx_word' id='word_1_70' title='bbox 484 1451 693 1523; x_wconf 86' lang='lat' dir='ltr'>corrumpitur.</span> <span class='ocrx_word' id='word_1_71' title='bbox 740 1446 781 1500; x_wconf 86' lang='lat' dir='ltr'>At</span> 
     </span>
     <span class='ocr_line' id='line_1_14' title="bbox 126 1545 782 1621; baseline -0.012 -20"><span class='ocrx_word' id='word_1_72' title='bbox 126 1563 254 1621; x_wconf 54' lang='lat' dir='ltr'>quaesit</span> <span class='ocrx_word' id='word_1_73' title='bbox 264 1546 394 1620; x_wconf 85' lang='lat' dir='ltr'>utrisque</span> <span class='ocrx_word' id='word_1_74' title='bbox 411 1545 589 1601; x_wconf 79' lang='lat' dir='ltr'>moderatam</span> <span class='ocrx_word' id='word_1_75' title='bbox 601 1547 701 1594; x_wconf 86' lang='lat' dir='ltr'>nactae</span> <span class='ocrx_word' id='word_1_76' title='bbox 713 1545 782 1593; x_wconf 84' lang='lat' dir='ltr'>sunl</span> 
     </span>
     <span class='ocr_line' id='line_1_15' title="bbox 67 1634 644 1711; baseline -0.014 -17"><span class='ocrx_word' id='word_1_77' title='bbox 67 1643 68 1646; x_wconf 73' lang='grc'>’</span> <span class='ocrx_word' id='word_1_78' title='bbox 131 1637 315 1711; x_wconf 79' lang='lat' dir='ltr'>temperiem,</span> <span class='ocrx_word' id='word_1_79' title='bbox 340 1655 388 1692; x_wconf 86' lang='lat' dir='ltr'>eae</span> <span class='ocrx_word' id='word_1_80' title='bbox 401 1634 555 1710; x_wconf 82' lang='lat' dir='ltr'>proliferae</span> <span class='ocrx_word' id='word_1_81' title='bbox 567 1639 644 1686; x_wconf 81' lang='lat' dir='ltr'>sunt.</span> 
     </span>
    </p>

    <p class='ocr_par' dir='ltr' id='par_1_6' title="bbox 74 1707 838 2160">
     <span class='ocr_line' id='line_1_16' title="bbox 161 1707 779 1784; baseline -0.023 0"><span class='ocrx_word' id='word_1_82' title='bbox 161 1731 210 1784; x_wconf 57' lang='lat'><strong>¹63.</strong></span> <span class='ocrx_word' id='word_1_83' title='bbox 228 1722 402 1781; x_wconf 66' lang='lat' dir='ltr'>Pari&#39;modo</span> <span class='ocrx_word' id='word_1_84' title='bbox 423 1726 508 1781; x_wconf 83' lang='lat' dir='ltr'>etiam</span> <span class='ocrx_word' id='word_1_85' title='bbox 531 1707 660 1776; x_wconf 79' lang='lat' dir='ltr'>muribus</span> <span class='ocrx_word' id='word_1_86' title='bbox 670 1715 779 1772; x_wconf 81' lang='lat' dir='ltr'>evenit:</span> 
     </span>
     <span class='ocr_line' id='line_1_17' title="bbox 74 1807 782 1891; baseline -0.023 -14"><span class='ocrx_word' id='word_1_87' title='bbox 74 1885 78 1891; x_wconf 32' lang='lat'>¹</span> <span class='ocrx_word' id='word_1_88' title='bbox 129 1828 183 1876; x_wconf 69' lang='lat' dir='ltr'>aut</span> <span class='ocrx_word' id='word_1_89' title='bbox 194 1817 271 1872; x_wconf 86' lang='lat' dir='ltr'>e&#39;nim</span> <span class='ocrx_word' id='word_1_90' title='bbox 284 1826 406 1890; x_wconf 85' lang='lat' dir='ltr'>propter</span> <span class='ocrx_word' id='word_1_91' title='bbox 420 1811 550 1886; x_wconf 87' lang='lat' dir='ltr'>corporis</span> <span class='ocrx_word' id='word_1_92' title='bbox 557 1811 706 1866; x_wconf 85' lang='lat' dir='ltr'>raritatem</span> <span class='ocrx_word' id='word_1_93' title='bbox 718 1807 782 1880; x_wconf 82' lang='lat' dir='ltr'>spi-</span> 
     </span>
     <span class='ocr_line' id='line_1_18' title="bbox 129 1902 838 1972; baseline -0.023 -9"><span class='ocrx_word' id='word_1_94' title='bbox 129 1909 205 1963; x_wconf 83' lang='lat' dir='ltr'>ritua</span> <span class='ocrx_word' id='word_1_95' title='bbox 217 1917 296 1962; x_wconf 81' lang='lat' dir='ltr'>extra</span> <span class='ocrx_word' id='word_1_96' title='bbox 302 1906 404 1972; x_wconf 85' lang='lat' dir='ltr'>fertur,</span> <span class='ocrx_word' id='word_1_97' title='bbox 417 1905 495 1958; x_wconf 85' lang='lat' dir='ltr'>itaut</span> <span class='ocrx_word' id='word_1_98' title='bbox 507 1919 603 1956; x_wconf 85' lang='lat' dir='ltr'>semen</span> <span class='ocrx_word' id='word_1_99' title='bbox 615 1907 781 1952; x_wconf 86' lang='lat' dir='ltr'>nontrans-</span> <span class='ocrx_word' id='word_1_100' title='bbox 835 1902 838 1907; x_wconf 89' lang='grc'><strong>’</strong></span> 
     </span>
     <span class='ocr_line' id='line_1_19' title="bbox 132 1986 782 2069; baseline -0.023 -16"><span class='ocrx_word' id='word_1_101' title='bbox 132 1997 241 2064; x_wconf 64' lang='lat' dir='ltr'>mittat,</span> <span class='ocrx_word' id='word_1_102' title='bbox 270 2006 322 2050; x_wconf 88' lang='lat' dir='ltr'>aut</span> <span class='ocrx_word' id='word_1_103' title='bbox 347 2004 468 2069; x_wconf 86' lang='lat' dir='ltr'>propter</span> <span class='ocrx_word' id='word_1_104' title='bbox 491 1990 657 2045; x_wconf 78' lang='lat' dir='ltr'>densitatem</span> <span class='ocrx_word' id='word_1_105' title='bbox 675 1986 782 2040; x_wconf 90' lang='lat' dir='ltr'>humor</span> 
     </span>
     <span class='ocr_line' id='line_1_20' title="bbox 130 2075 783 2160; baseline -0.023 -16"><span class='ocrx_word' id='word_1_106' title='bbox 130 2087 209 2144; x_wconf 71' lang='lat' dir='ltr'>foras</span> <span class='ocrx_word' id='word_1_107' title='bbox 222 2105 283 2140; x_wconf 88' lang='lat' dir='ltr'>uon</span> <span class='ocrx_word' id='word_1_108' title='bbox 294 2086 467 2160; x_wconf 83' lang='lat' dir='ltr'>excernitur,</span> <span class='ocrx_word' id='word_1_109' title='bbox 486 2081 535 2136; x_wconf 77' lang='lat' dir='ltr'>au&#39;t</span> <span class='ocrx_word' id='word_1_110' title='bbox 548 2078 584 2132; x_wconf 92' lang='lat' dir='ltr'>oh</span> <span class='ocrx_word' id='word_1_111' title='bbox 599 2075 783 2148; x_wconf 81' lang='lat' dir='ltr'>frigiditatem</span> 
     </span>
    </p>
   </div>
   <div class='ocr_carea' id='block_1_3' title="bbox 42 2165 782 2240">
    <p class='ocr_par' dir='ltr' id='par_1_7' title="bbox 42 2165 782 2240">
     <span class='ocr_line' id='line_1_21' title="bbox 42 2165 782 2240; baseline -0.031 -1"><span class='ocrx_word' id='word_1_112' title='bbox 42 2229 47 2240; x_wconf 86' lang='lat'>.</span> <span class='ocrx_word' id='word_1_113' title='bbox 133 2195 196 2233; x_wconf 86' lang='lat' dir='ltr'>nou</span> <span class='ocrx_word' id='word_1_114' title='bbox 215 2175 395 2240; x_wconf 83' lang='lat' dir='ltr'>accenditur,</span> <span class='ocrx_word' id='word_1_115' title='bbox 420 2182 454 2227; x_wconf 84' lang='lat' dir='ltr'>ut</span> <span class='ocrx_word' id='word_1_116' title='bbox 465 2171 501 2225; x_wconf 92' lang='lat' dir='ltr'>ad</span> <span class='ocrx_word' id='word_1_117' title='bbox 519 2187 584 2222; x_wconf 89' lang='lat' dir='ltr'>eum</span> <span class='ocrx_word' id='word_1_118' title='bbox 597 2165 693 2219; x_wconf 90' lang='lat' dir='ltr'>locum</span> <span class='ocrx_word' id='word_1_119' title='bbox 712 2181 782 2217; x_wconf 87' lang='lat' dir='ltr'>coa·</span> 
     </span>
    </p>
   </div>
   <div class='ocr_carea' id='block_1_4' title="bbox 132 2254 784 2696">
    <p class='ocr_par' dir='ltr' id='par_1_8' title="bbox 132 2254 784 2430">
     <span class='ocr_line' id='line_1_22' title="bbox 132 2254 784 2340; baseline -0.023 -17"><span class='ocrx_word' id='word_1_120' title='bbox 132 2268 246 2322; x_wconf 86' lang='lat' dir='ltr'>cervari</span> <span class='ocrx_word' id='word_1_121' title='bbox 264 2265 368 2340; x_wconf 62' lang='lat' dir='ltr'>possit}</span> <span class='ocrx_word' id='word_1_122' title='bbox 400 2271 452 2316; x_wconf 87' lang='lat' dir='ltr'>aut</span> <span class='ocrx_word' id='word_1_123' title='bbox 469 2259 507 2314; x_wconf 88' lang='lat' dir='ltr'>oh</span> <span class='ocrx_word' id='word_1_124' title='bbox 531 2255 702 2312; x_wconf 86' lang='lat' dir='ltr'>caliditatem</span> <span class='ocrx_word' id='word_1_125' title='bbox 729 2254 784 2308; x_wconf 82' lang='lat' dir='ltr'>boe</span> 
     </span>
     <span class='ocr_line' id='line_1_23' title="bbox 133 2357 285 2430; baseline -0.026 -17"><span class='ocrx_word' id='word_1_126' title='bbox 133 2357 285 2430; x_wconf 81' lang='lat' dir='ltr'>contingit.</span> 
     </span>
    </p>

    <p class='ocr_par' dir='ltr' id='par_1_9' title="bbox 134 2434 783 2696">
     <span class='ocr_line' id='line_1_24' title="bbox 187 2434 783 2515; baseline -0.02 -13"><span class='ocrx_word' id='word_1_127' title='bbox 187 2451 231 2502; x_wconf 81' lang='lat'>64.</span> <span class='ocrx_word' id='word_1_128' title='bbox 260 2447 317 2500; x_wconf 88' lang='lat' dir='ltr'>Lac</span> <span class='ocrx_word' id='word_1_129' title='bbox 341 2441 472 2498; x_wconf 83' lang='lat' dir='ltr'>exhibere</span> <span class='ocrx_word' id='word_1_130' title='bbox 497 2439 589 2515; x_wconf 84' lang='lat' dir='ltr'>capite</span> <span class='ocrx_word' id='word_1_131' title='bbox 611 2434 783 2502; x_wconf 78' lang='lat' dir='ltr'>dolentibus,</span> 
     </span>
     <span class='ocr_line' id='line_1_25' title="bbox 135 2525 782 2594; baseline -0.025 -2"><span class='ocrx_word' id='word_1_132' title='bbox 135 2535 254 2594; x_wconf 87' lang='lat' dir='ltr'>malum.</span> <span class='ocrx_word' id='word_1_133' title='bbox 284 2534 396 2588; x_wconf 89' lang='lat' dir='ltr'>Malum</span> <span class='ocrx_word' id='word_1_134' title='bbox 416 2535 483 2588; x_wconf 87' lang='lat' dir='ltr'>item</span> <span class='ocrx_word' id='word_1_135' title='bbox 502 2543 536 2586; x_wconf 73' lang='lat' dir='ltr'>et</span> <span class='ocrx_word' id='word_1_136' title='bbox 547 2525 782 2590; x_wconf 82' lang='lat' dir='ltr'>febricitantibus,</span> 
     </span>
     <span class='ocr_line' id='line_1_26' title="bbox 134 2613 783 2696; baseline -0.012 -18"><span class='ocrx_word' id='word_1_137' title='bbox 134 2632 162 2678; x_wconf 84' lang='lat' dir='ltr'>et</span> <span class='ocrx_word' id='word_1_138' title='bbox 175 2621 281 2696; x_wconf 83' lang='lat' dir='ltr'>quibua</span> <span class='ocrx_word' id='word_1_139' title='bbox 288 2621 458 2694; x_wconf 89' lang='lat' dir='ltr'>praecordia</span> <span class='ocrx_word' id='word_1_140' title='bbox 470 2613 581 2677; x_wconf 85' lang='lat' dir='ltr'>sublata</span> <span class='ocrx_word' id='word_1_141' title='bbox 587 2623 783 2692; x_wconf 74' lang='lat' dir='ltr'>murmurant,</span> 
     </span>
    </p>
   </div>
   <div class='ocr_carea' id='block_1_5' title="bbox 0 0 988 3262">
    <p class='ocr_par' dir='ltr' id='par_1_10' title="bbox 0 0 988 3262">
     <span class='ocr_line' id='line_1_27' title="bbox 0 0 988 3262; baseline 0 0"><span class='ocrx_word' id='word_1_142' title='bbox 0 0 988 3262; x_wconf 95' lang='lat' dir='ltr'> </span> 
     </span>
    </p>
   </div>
  </div>
 </body>
</html>
